3009 3684
455 551 486 595 4

460 684 576 737 quae
614 683 790 736 gerant,
830 665 1008 718 civium'
1037 668 1409 718 existimationem
1446 671 1618 734 sperari
1655 687 1811 735 posse,
1849 686 2024 720 morem
2050 671 2186 719 facile
2213 685 2396 734 gerere,
2432 686 2483 719 se

460 753 609 789 autem
624 742 818 787 incertos
839 738 1066 795 dubitare,
1096 755 1185 800 qua
1211 739 1488 802 potissimum
1518 738 1748 804 disciplina
1780 751 1825 787 et
1853 739 2173 788 exercitatione
2200 738 2268 786 illi
2292 738 2350 786 ad
2372 753 2483 796 eam,

463 828 597 873 quam
616 819 846 871 appetant,
874 808 1083 851 virtutem
1103 807 1331 851 efformari
1348 809 1539 869 possint,
1567 809 1763 869 ideoque
1790 810 1868 852 vel
1894 810 2011 853 hano
2038 808 2172 854 armis
2201 807 2507 871 depugnandi„

464 889 626 931 artem,
664 892 800 935 quam
836 885 1096 921 ostentatam
1133 874 1270 936 modo
1300 873 1622 935 spectaverint,
1648 889 1755 918 num
1781 874 1935 918 utilem
1963 873 2021 917 ad
2048 876 2285 929 iuventutis
2312 874 2485 920 institu-

463 943 632 991 tionem
671 942 965 998 arbitrentur,
1001 940 1270 988 fortissimos
1308 940 1764 1003 prudentissimosque
1790 940 1916 988 viros
1952 938 2249 1003 interrogatos
2277 961 2327 989 se
2352 943 2486 988 velle.

465 1013 586 1061 Tum
614 1010 707 1068 ini,
736 1009 921 1057 arbitrio
951 1009 1009 1057 ad
1029 1008 1260 1057 Socratem
1290 1009 1459 1066 delato,
1491 1008 1652 1056 callida
1680 1008 1975 1073 disputatione
2003 1009 2060 1055 ad
2082 1008 2218 1056 finem
2245 1009 2389 1057 omnis
2415 1009 2490 1056 in·

464 1079 728 1136 stitutionis,
759 1079 816 1124 ad
844 1076 1035 1143 virtutisss
1053 1089 1118 1134 et,
1159 1079 1215 1124 de
1246 1096 1337 1140 qua·
1360 1096 1411 1125 re
1439 1096 1556 1140 nunc
1576 1077 1780 1144 ,maxime
1807 1077 1979 1141 agitur,
2012 1078 2069 1124 ad
2095 1094 2232 1124 verae
2258 1077 2489 1124 fortitudi-

464 1149 532 1196 nis
561 1148 657 1196 vim
686 1158 732 1194 et
755 1158 960 1195 naturam
987 1147 1110 1194 'recte
1141 1147 1479 1209 concipiendam
1508 1147 1808 1204 deducuntur,
1847 1164 1980 1209 quam
2007 1163 2152 1209 neque
2180 1148 2277 1194 sola
2304 1148 2487 1194 audacia

463 1234 609 1279 neque
637 1214 780 1277 magis
808 1233 896 1261 una
922 1214 1179 1278 prudentia,
1208 1216 1290 1259 sed
1319 1215 1617 1268 conscientiae
1644 1216 1954 1276 factorumque
1977 1213 2274 1276 congruentia
2302 1225 2488 1275 ortaque

463 1285 570 1330 inde
609 1283 831 1343 aequabili
867 1281 1109 1337 sentiendi,
1148 1282 1350 1337 dicendi,
1390 1281 1554 1342 agendi
1591 1280 1835 1328 constantia
1873 1280 2114 1337 contineri,
2157 1281 2363 1329 Socrates
2391 1282 2489 1343 ipse

463 1369 545 1399 suo
575 1353 788 1412 exemplo
818 1348 923 1394 satis
953 1349 1382 1395 demonstraveratc
1408 1349 1532 1393 Vere
1561 1349 1679 1395 enim
1708 1349 1765 1394 'de
1794 1364 1850 1396 eo
1881 1348 1971 1395 dici
1998 1359 2196 1411 poterat,
2227 1351 2348 1410 quod
2377 1351 2488 1396 Plat.

462 1421 520 1465 de
557 1436 656 1480 rep.
694 1418 770 1463 111.
809 1434 854 1478 p.
894 1418 994 1462 402.
1035 1417 1099 1463 C.'
1121 1417 1304 1477 legitur:
1364 1414 1473 1461 ὅτου
1503 1412 1558 1461 ι’ὶν
1590 1414 1826 1477 ξυμπίπτῃ
1856 1414 1903 1462 ἔν
1931 1433 1980 1462 τε
2009 1419 2066 1478 τῇ
2093 1419 2219 1477 ψυχῇ
2245 1417 2362 1461 καλὰ
2391 1413 2486 1477 ἤθη

462 1484 621 1533 ἐνόντα
651 1486 729 1530 καὶ
756 1485 804 1530 ἕν
833 1487 898 1543 τῷ
931 1482 1044 1528 εἷ’δει
1073 1480 1383 1541 ὁμολογοῦντα
1410 1482 1601 1535 ἐκείνοις
1628 1485 1705 1528 καὶ
1734 1485 2078 1543 ξυμφωνοῦντα,
2128 1488 2211 1529 τοῦ
2241 1481 2381 1529 αὖτοῦ
2407 1501 2489 1541 με·

462 1554 648 1609 τέχοντα
676 1551 845 1606 τύπου,
876 1547 996 1596 τοῦτ’
1025 1546 1081 1597 {iv
1109 1548 1178 1609 εἴη
1209 1548 1450 1596 κάλλιστον
1480 1551 1640 1607 θέαμα
1667 1554 1733 1609 τῷ
1761 1550 1991 1610 δυναμένῳ
2007 1548 2230 1597 θεᾶσθαί
2261 1552 2489 1613 et.optime

462 1620 540 1667 ille
571 1619 856 1674 ostendebat,
887 1634 1001 1679 quae
1029 1619 1077 1663 in
1106 1618 1290 1678 singulis
1319 1617 1580 1675 laudentur,
1609 1618 1732 1679 quod
1754 1618 1992 1695 prudentia
2019 1620 2096 1665 vel
2124 1618 2385 1665 fortitudine
2412 1621 2490 1666 vel

463 1687 755 1750 temperantia
790 1703 900 1748 prae
940 1688 1087 1731 multis
1129 1686 1225 1730 aliis
1263 1688 1510 1741 excellant,
1556 1702 1609 1730 ea
1646 1685 1795 1731 omnia
1834 1702 1990 1731 manca
2018 1697 2062 1731 et
2089 1684 2350 1749 imperfecta
2378 1702 2489 1746 esse,

465 1756 552 1802 nisi
586 1767 806 1820 perpetua
851 1754 987 1800 animi
1018 1754 1227 1814 vitaeque
1258 1752 1523 1808 concordia,
1562 1771 1624 1799 ex
1653 1770 1740 1814 qua
1768 1754 2059 1814 tranquillitas
2088 1754 2364 1819 felicitasque
2391 1769 2491 1812 tan·

465 1842 599 1886 quam
638 1842 700 1869 ex
739 1822 926 1884 perenni
963 1822 1090 1870 fonte
1119 1823 1367 1884 prodeunt,
1410 1821 1508 1867 illas
1536 1820 1723 1867 virtutes
1751 1834 1800 1881 ut
1828 1821 2110 1867 diversorum
2136 1840 2352 1890 sonorum
2379 1843 2492 1873 con..

465 1902 641 1939 centum
675 1892 792 1949 iusto
832 1887 1021 1944 ordine,
1055 1885 1265 1944 εὐταξίαν
1301 1900 1345 1934 et
1382 1885 1635 1950 εὐρυθμίαν
1675 1887 1841 1935 Graeci
1879 1890 2125 1967 appellant,
2165 1893 2491 1951 conjunxerint.

470 1962 534 2005 Ut
571 1959 691 2004 enim
700 1989 719 2015 ,
758 1973 874 2034 quae
913 1954 1143 2003 Ciceronis
1169 1957 1311 2001 verba
1347 1964 1449 2002 sunt
1487 1956 1544 2000 de
1582 1954 1701 2001 offic.
1739 1956 1774 2010 Ι,
1802 1956 1898 2011 40.,
1936 1958 1988 2000 in
2015 1955 2201 2013 fidibus
2239 1962 2323 2002 a'ut
2349 1961 2402 2004 in
2430 1963 2492 2006 ti..

468 2027 581 2084 biis,
606 2017 825 2087 'quanwis
851 2024 1045 2085 paulum
1073 2023 1360 2085 discrepent,
1402 2031 1556 2068 tamen
1585 2022 1638 2068 id
1667 2038 1699 2068 a
1727 2023 1896 2069 sciente
1924 2024 2232 2072 animadverti
2260 2027 2405 2088 solet5
2425 2031 2493 2076 sic

465 2095 738 2142 videndum
748 2096 814 2137 e‘st
842 2095 893 2136 in
920 2093 1047 2147 vita,
1079 2107 1137 2134 ne
1150 2090 1286 2151 forte
1313 2091 1430 2151 quid
1459 2091 1712 2155 discrepet;
1750 2092 1825 2135 vel
1851 2093 1998 2137 multo
2019 2093 2158 2137 etiam
2186 2096 2360 2157 magis,
2401 2112 2491 2159 quo

466 2162 621 2224 maJ'or·
658 2170 700 2206 et
740 2161 896 2206 melior
938 2161 1170 2205 actionum
1207 2173 1348 2220 quam
1383 2174 1596 2205 sonorum
1636 2168 1879 2221 concentus
1916 2167 1996 2205 est.
2063 2159 2132 2206 Ea
2160 2173 2306 2218 autem
2333 2159 2492 2227 virtus,

467 2247 583 2298 quae
601 2246 694 2297 ιιοιι
710 2241 896 2275 externa
925 2227 1146 2274 dictorum
1173 2226 1483 2289 factorumque
1511 2228 1766 2282 honestate,
1795 2244 1889 2274 non
1915 2244 2068 2273 rerum
2097 2241 2321 2296 gestarum
2344 2234 2498 2295 laude,-

466 2313 616 2375 neque
643 2309 818 2342 morum
844 2293 1138 2358 temperantia
1160 2293 1488 2356 modestiaque,
1531 2294 1651 2338 sed‘
1637 2295 1692 2340 n's
1722 2295 1927 2341 omnibus
1955 2295 2128 2340 interna
2153 2298 2255 2361 lege
2283 2310 2491 2362 certaque
2556 2321 2563 2324 ·

467 2364 641 2412 ratione
678 2363 918 2422 conjunctis
956 2374 1001 2410 et
1037 2361 1095 2409 ad
1122 2375 1336 2409 summam
1354 2363 1701 2424 congruentiam
1731 2363 1948 2425 copulatis
1988 2363 2204 2420 cernitur,
2240 2381 2269 2413 a
2304 2366 2492 2416 Platone

459 2432 656 2494 justitia
692 2433 768 2477 illa
795 2431 1056 2478 sublimiore
1084 2447 1217 2477 sensu
1249 2430 1436 2486 dicitur,
1475 2430 1533 2475 ad
1563 2434 1686 2487 cujus
1714 2429 2080 2492 perfectissimam
2107 2433 2303 2495 speciem
2332 2434 2495 2495 civita--⁸

467 2511 560 2546 tem
598 2516 723 2544 suam
760 2498 1015 2562 descripsit,
1054 2498 1255 2561 singulos
1293 2515 1317 2542 a
1357 2497 1613 2560 primordiis
1650 2499 1771 2544 vitae
1807 2498 1974 2545 institui
2012 2501 2304 2580 exercerique
2333 2504 2490 2552 voluit·

467 2568 626 2631 Atque
656 2584 718 2613 ex
746 2567 854 2621 hac,
885 2585 1017 2627 quam
1047 2567 1194 2613 animo
1225 2578 1515 2631 conceperat,
1543 2566 1736 2627 imagine
1764 2567 1955 2628 perfecti
1981 2570 2358 2635 consummatique
2385 2570 2490 2629 viri,

469 2635 546 2696 qui
562 2651 675 2681 vere
694 2634 988 2696 philosophus
1016 2637 1335 2696 appellaretur,
1366 2633 1502 2694 φύσει
1520 2633 1727 2693 μνήμων,
1759 2631 1989 2695 εὐμαθής,
2019 2637 2391 2699 μεγαλοπρεπής,
2415 2634 2489 2685 εὗ.

467 2719 618 2764 χαρις,
651 2702 791 2763 φίλος
832 2719 881 2747 τε
922 2702 999 2747 καὶ
1036 2701 1240 2761 ξυγγενὴς
1281 2700 1527 2759 ἀληθείας,
1570 2700 1875 2761 δικαιοσύνης,
1922 2700 2155 2764 ανδρείας,
2197 2705 2493 2766 σωφροσύνης

474 2771 550 2826 (de
579 2787 672 2833 rep.
706 2770 784 2824 VI,
815 2786 860 2833 p.
878 2769 1001 2831 487.)
1009 2768 1085 2831 ³⁹⁶),
1117 2768 1313 2828 divinam
1339 2768 1460 2826 illam
1486 2770 1746 2828 sententiam
1774 2782 2045 2834 commentus
2075 2783 2142 2820 est
2161 2772 2314 2830 Plato,
2342 2774 2490 2822 multis

513 2986 554 3031 ⁸)
581 2985 628 3025 ef.
654 2986 700 3024 de
723 2964 800 3036 rep.
821 2986 886 3024 vl.
910 3000 949 3035 p.
972 2984 1056 3024 490.
1084 2984 1126 3024 C.
1174 2985 1251 3023 Καὶ
1282 2982 1329 3032 δὴ
1362 2983 1429 3025 τὸν
1460 2982 1575 3026 ἄλλον
1597 2988 1660 3033 τῆς
1680 2984 1900 3037 φιλοσόφου
1921 2984 2070 3037 φύσιυς
2086 2985 2210 3040 χορὸν
2233 2991 2271 3028 τί
2290 2988 2353 3028 δεῖ
2372 2987 2489 3030 πάλιν
