3009 3684
454 569 511 618 18

512 699 516 702 ’
572 694 720 740 Valde
759 693 936 736 diversa
975 701 1040 736 est
1066 690 1136 734 'ab
1173 689 1440 750 amplissima
1481 693 1754 739 illa'mnsi'ca
1781 695 1875 749 ea‚'
1901 695 2018 755 quae
2051 695 2192 758 vulgo
2212 692 2281 741 ita
2307 692 2482 749 dicitur,

458 758 485 822 ἧ
518 761 725 822 δημώδης
763 757 955 819 μουσική
996 757 1243 818 (Phaedon.
1287 774 1332 818 p.
1363 760 1573 820 61.·A.),
1604 763 1735 821 qu'am
1765 760 1949 820 quidem
1970 763 2105 810 laude
2133 769 2214 810 sua
2235 762 2333 810 'non
2358 762 2485 808 frau-

459 830 615 876 darunt
646 827 804 889 optimi
839 826 1119 890 magistr-st),
1150 826 1344 890 maxime
1374 844 1475 873 cum
1506 827 1752 874 carminum
1779 826 2048 874 recitatione«
2068 832 2369 887 coniunctam,
2406 828 2486 877 sed

459 915 513 943 ne
541 895 740 942 moribus
780 895 985 942 officeret
1013 894 1155 957 magis
1185 911 1317 955 quarn
1348 896 1606 956 prodesset,
1636 893 2230 958 diligentissimos-vehant.
2285 888 2397 946 Non·
2417 908 2486 944 at*

456 966 561 1012 tinet
589 964 680 1011 hoc
709 967 814 1011 loco
844 980 1076 1025 exponere
1107 964 1164 1008 de
1193 962 1383 1022 diversis
1412 965 1557 1011 modis
1586 962 1787 1019 musicis,
1817 962 1896 1025 qui
1919 963 2088 1026 partini
2104 965 2338 1028 graviores
2362 978 2488 1025 erant

459 1043 502 1079 οἵ
528 1032 767 1088 fortiores,
808 1031 968 1095 partim·
1004 1030 1235 1079 molliores
1275 1031 1363 1092 (cf.
1393 1033 1552 1080 Platon
1588 1032 1768 1080 Lachet.
1813 1025 2487 1095 p.⁴188.21).,''ffl²i11i·modi

460 1106 809 1164 conjunguntur,
841 1100 1052 1162 δωριστί,
1094 1100 1219 1148 ἰαστί
1228 1137 1240 1156 ,
1273 1102 1506 1162 φρὺγιστί,
1536 1100 1733 1159 λυδιστὶ,
1763 1101 1922 1165 quibus
1946 1101 2066 1149 udde
2094 1099 2327 1158 ἁῖολιστί,·
2346 1103 2399 1150 'et
2426 1118 2488 1150 ex

457 1173 485 1215 l.
514 1170 590 1216 HI.
623 1172 679 1216 de
706 1188 801 1233 rep.
831 1188 874 1232 Ρ.
905 1172 1003 1216 398.
1033 1170 1085 1216 E.
1113 1168 1368 1237 θρηνώρεις
1395 1168 1635 1231 ἁρμονίαι,
1665 1171 1985 1229 μιξολυδιστέ,’
2003 1173 2082 1229 καὶ
2109 1170 2485 1226 cvnovbzvdwvl,

460 1239 536 1283 καὶ
576 1238 788 1284 τοιαῦταί
824 1255 959 1291 τινες,
1002 1239 1058 1282 de
1099 1238 1258 1298 quibus
1296 1237 1500 1283 omnibus
1529 1253 1573 1283 v.
1603 1239 1802 1282 Boec‘kh.
1833 1239 1896 1284 'de
1923 1238 2076 1285 metris
2103 1239 2283 1285 Pindar.
2312 1257 2356 1302 p.
2384 1239 2486 1284 237.

459 1307 630 1366 sequ.)';
668 1306 748 1350 sed
777 1305 824 1349 id
854 1303 1108 1361 monemus,
1155 1306 1384 1352 damnatos
1413 1305 1551 1352 fuisse
1581 1323 1607 1351 a
1633 1303 1744 1351 viris
1773 1305 2045 1368 sapientibus
2075 1307 2228 1354 dulces
2256 1319 2301 1355 et
2322 1309 2486 1354 molles

459 1385 501 1420 et
528 1373 698 1419 flebiles
737 1374 897 1420 modos
938 1373 1041 1431 (τὰς
1079 1374 1285 1434 γλυκείας
1324 1391 1373 1419 τε
1411 1373 1488 1419 καὶ
1529 1373 1739 1431 μαλακὰς
1767 1374 1844 1421 καὶ
1871 1372 2125 1435 θρηνώδεις
2154 1372 2398 1437 ἁρμονίας,
2426 1375 2486 1422 do

457 1459 552 1503 rep.
594 1442 670 1485 111.
712 1459 757 1503 p.
794 1443 894 1485 411.
925 1442 1033 1499 A.)‚
1079 1443 1237 1503 quibus
1269 1442 1438 1487 animus
1468 1441 1637 1503 sopitus
1667 1453 1710 1488 et
1737 1453 1946 1504 tanquam
1969 1441 2232 1504 liquefactus
2259 1454 2308 1490 ut
2335 1442 2486 1489 nervis

460 1509 624 1554 excisis
656 1526 834 1555 omnem
861 1509 1167 1554 fortitudinem
1197 1512 1386 1566 amittat,
1418 1511 1536 1554 nihil
1565 1512 1686 1554 enim
1713 1508 2024 1556 existimabant
2050 1510 2121 1555 illi·
2143 1520 2240 1555 tam
2252 1510 2487 1571 facile‘in

460 1580 638 1621 animos
678 1589 856 1621 teneros
894 1586 935 1618 et
975 1580 1127 1620 molles
1166 1578 1360 1634 influere
1402 1593 1542 1638 quam
1569 1580 1725 1622 varios
1754 1577 1955 1622 canendi
1983 1576 2144 1634 sonos,
2173 1593 2362 1639 quorum
2392 1577 2487 1621 dici

460 1648 549 1689 vix
577 1647 720 1704 possit
751 1654 931 1704 quanta
959 1647 1028 1688 vis
1059 1648 1118 1688 sit
1148 1649 1199 1689 in
1226 1656 1467 1705 utramque
1494 1656 1698 1706 partem,
1732 1646 1893 1707 quibus
1917 1646 2069 1692 verbis
2100 1647 2263 1692 Cicero
2289 1646 2347 1691 de
2374 1645 2485 1708 Leg.

461 1714 515 1767 Π,
549 1716 617 1767 15,
648 1715 718 1757 38.
748 1712 964 1757 illustrem
991 1715 1141 1759 locum
1171 1715 1342 1759 Platon.
1374 1715 1430 1758 de
1458 1731 1553 1775 rep.
1582 1715 1662 1759 IV.
1692 1731 1736 1776 p.
1762 1715 1862 1758 424.
1892 1714 1950 1758 D.
1979 1729 2106 1759 more
2134 1729 2216 1759 suo
2245 1712 2387 1758 libere
2413 1713 2486 1757 in-

461 1791 727 1841 terpretatus
757 1791 843 1834 est,
875 1796 1072 1839 namque
1100 1776 1143 1825 et
1173 1783 1371 1825 incitare
1396 1783 1693 1843 languentes,
1726 1791 1769 1824 et
1797 1778 2128 1842 languffac'ere
2154 1780 2410 1834 excitatos,
2441 1788 2486 1823 et

460 1857 555 1891 tum
584 1846 810 1891 remittere
839 1848 1041 1902 animos,
1076 1858 1172 1892 tum
1202 1847 1486 1893 contrahere.
1547 1848 1640 1892 Iam
1668 1861 1805 1909 quum
1834 1847 2028 1895 carmina
2056 1858 2101 1894 et
2137 1845 2380 1894 carminum
2408 1862 2485 1892 re·-

460 1916 610 1962 citatio
651 1916 708 1960 ad
744 1915 938 1959 citharae
975 1918 1162 1975 lyraeve
1202 1927 1465 1963 concentum
1493 1916 1612 1960 facta
1640 1926 1714 1961 aut
1741 1917 1798 1960 ad
1828 1915 2027 1961 divinum
2056 1918 2220 1961 cultum
2247 1929 2484 1975 sacrasque

460 1982 747 2035 cerimonias,
793 1994 867 2026 aut
897 1983 954 2025 ad
983 1983 1167 2026 fortium
1194 1984 1398 2027 virorum
1426 2000 1665 2042 rerumque
1695 1984 1751 2026 ab
1779 1983 1834 2027 iis
1864 1994 2085 2043 gestarum
2113 1984 2266 2028 laudes
2295 1982 2483 2044 propria

462 2051 589 2113 quasi
631 2061 674 2095 et
714 2049 930 2111 peculiari
958 2048 1130 2107 ratione
1161 2061 1204 2095 et
1232 2068 1314 2095 usu
1342 2050 1613 2111 pertineant,
1659 2060 1706 2094 ut
1733 2050 1870 2096 modo
1901 2049 2165 2112 colligantur
2192 2049 2326 2095 animi
2355 2061 2484 2112 atque

461 2138 523 2166 ex
552 2118 740 2180 strepitu
771 2117 944 2164 forensi
972 2117 1018 2162 in
1049 2118 1251 2163 ordinem
1281 2129 1323 2162 et
1352 2119 1708 2179 tranquillitatem
1745 2118 2023 2179 redigantur,
2059 2118 2197 2164 modo
2237 2120 2486 2166 excitentur

461 2201 504 2235 et
542 2188 599 2233 ad
638 2181 921 2233 sublimiores
957 2186 1087 2232 sedes
1124 2185 1375 2247 erigantur,
1412 2187 1549 2232 modo
1587 2187 1643 2230 ad
1679 2185 1884 2246 gnaviter
1911 2186 2163 2233 audendum
2189 2187 2484 2250 impellantur,

461 2259 628 2310 elucet,
667 2254 714 2299 id
752 2256 874 2316 quod
911 2255 958 2300 in
998 2265 1194 2300 nostram
1235 2266 1418 2300 aetatem
1460 2254 1641 2316 egregie
1680 2253 1911 2309 convenit,
1951 2253 2129 2301 divinae
2156 2254 2224 2300 illi
2252 2254 2335 2301 arti
2362 2267 2485 2301 recte

461 2326 686 2386 digneque
723 2335 958 2385 usurpatae
996 2340 1201 2384 magnam
1238 2335 1410 2385 partem
1445 2323 1492 2367 in
1522 2323 1754 2384 disciplina
1782 2322 1967 2386 juvenili
2001 2319 2172 2370 summo
2208 2327 2304 2380 jure
2334 2322 2483 2378 tribui,

463 2405 506 2438 at
536 2391 731 2437 mollitae
762 2392 818 2435 ad
848 2390 1074 2452 ignaviam
1105 2403 1147 2436 et
1177 2392 1411 2437 dulcedine
1445 2394 1787 2452 corruptelaque
1818 2385 2178 2453 depravataessi
2194 2394 2271 2437 vel
2289 2391 2483 2436 maxime

460 2459 790 2505 delicatioribus
821 2458 1076 2504 hominibus
1116 2461 1313 2520 placeat,
1353 2460 1517 2504 aditum
1554 2460 1612 2504 ad
1651 2470 1845 2517 teneros·
1872 2459 2040 2505 animos
2069 2476 2095 2504 a
2121 2458 2483 2521 prudentioribus

457 2526 703 2592 praecludi.

574 2595 838 2655 Priusquam
868 2595 923 2639 ad
953 2594 1124 2655 singula
1152 2612 1318 2656 genera
1347 2600 1439 2650 ejus
1460 2595 1766 2651 institutionis,
1798 2596 1910 2656 qua'e
1931 2594 2099 2642 musica
2120 2594 2351 2657 disciplina
2372 2610 2482 2642 con·

459 2666 641 2721 tinetur,
672 2663 1040 2726 progrediamur,
1072 2663 1128 2708 de
1156 2665 1293 2709 altera
1323 2676 1450 2725 parte
1480 2663 1740 2721 dicendum,
1777 2681 1890 2726 quae
1919 2682 2056 2727 quum
2080 2679 2275 2728 corpora
2302 2661 2483 2726 potissi-

511 2897 549 2941 *)
573 2897 629 2932 De
654 2899 786 2933 musica
811 2896 1033 2932 Graecorum
1057 2908 1095 2932 v.
1120 2895 1249 2930 Jacobs
1273 2894 1299 2931 l.
1325 2906 1357 2930 c.
1382 2909 1420 2943 p.
1444 2897 1500 2931 27.
1527 2906 1561 2933 et
1587 2912 1626 2946 Ρ.
1651 2895 1735 2934 262.
1760 2909 1876 2947 sequ„
1906 2899 2150 2934 Waohemmh.
2185 2897 2212 2933 l.
2239 2909 2271 2934 ο.
2298 2911 2336 2945 Ρ.
2362 2897 2420 2935 70.
2447 2906 2482 2934 et

558 2969 596 3002 p.
630 2952 712 2990 423.
743 2967 855 3001 sequ„
896 2956 1048 2990 Cramer.
1081 2954 1107 2989 1.
1142 2965 1174 2989 c.
1208 2953 1246 2987 Ρ.
1280 2952 1305 2988 l.
1339 2966 1378 3000 p.
1411 2954 1480 2987 202
1511 2966 1609 3002 nequ.
1644 2963 1680 2990 et
1710 2969 1751 3004 Ρ.
1773 2955 1844 2990 275
1868 2964 1985 3004 sequ„
2010 2963 2045 2990 et
2072 2954 2255 3001 sigillatim
2276 2954 2323 2991 de
2346 2958 2480 2991 music·

556 3012 697 3046 Dorum
720 3013 845 3046 Jacobs
870 3026 909 3060 Ρ.
935 3010 1004 3048 168
1028 3024 1129 3059 sequ.
1154 3018 1190 3046 et
1215 3008 1343 3046 odofr.
1370 3009 1540 3048 Mueller.
1565 3013 1689 3048 Dorio.
1714 3011 1798 3049 vol.
1825 3013 1868 3048 11.
1892 3026 1931 3060 Ρ.
1956 3011 2040 3048 316.
2065 3024 2166 3060 sequ.
