3009 3684
1152 668 1823 721 Corollariunn
1894 687 1922 697 ·’

590 786 788 835 Maxima
810 797 942 851 parte
971 788 1100 845 hujus
1129 787 1271 835 libelli
1297 788 1419 852 typis
1447 789 1701 853 exscripta,
1729 754 1918 840 affantur
1929 790 2000 838 ad
2028 773 2130 844 nm»
2148 762 2240 847 diu
2250 793 2499 849 desiderata

477 857 618 904 oratio
636 857 787 902 Celeb.
805 859 1065 902 Rich-stadii
1086 859 1144 902 de
1163 860 1364 919 antiqua
1383 860 1660 904 Graecorum
1665 871 1893 918 Juvenum
1917 859 2203 911 iustitium
2229 875 2334 908 cum
2359 863 2498 910 disci·

472 928 608 986 plina
626 928 903 969 nostratium
920 936 1193 987 comparata
1203 957 1221 984 ,
1253 926 1436 971 habita
1423 943 1470 971 ιιι
1486 926 1715 973 academia.
1726 925 1915 977 Jeneusi
1927 938 2044 977 anno
2063 928 2190 979 1828.
2179 951 2209 984 .;,
2231 945 2345 990 quae
2365 940 2500 1008 quum

471 994 518 1038 in
555 995 719 1046 eodem
732 1028 744 1049 ‚
787 995 911 1056 quod
939 994 1248 1050 tractavimus,
1287 1006 1547 1058 argumento
1574 994 1747 1042 versari
1774 994 2000 1050 videatur,
2039 995 2227 1045 consilio
2256 1008 2301 1047 et
2327 999 2500 1045 ratione

472 1062 652 1118 diversa
691 1073 770 1108 est.
828 1063 1118 1109 Demonstrat
1155 1063 1295 1118 enim,
1340 1079 1424 1108 nos
1437 1096 1449 1118 ‚
1493 1080 1582 1124 qua
1614 1080 1732 1110 nunc
1759 1073 1935 1109 utamur
1957 1059 2229 1109 institutione
2256 1065 2309 1114 in
2330 1066 2499 1116 scholis

472 1141 517 1175 et
545 1130 809 1186 academiis,
837 1141 1008 1176 tantum
1036 1132 1212 1185 abesse,
1242 1142 1290 1175 ut
1319 1130 1505 1176 Graecis
1533 1131 1775 1186 cedamus,
1791 1143 1840 1177 nt
1866 1131 1985 1193 apud
2007 1147 2090 1177 nos
2106 1131 2400 1184 inveniantur
2407 1148 2499 1179 non

473 1215 639 1258 pauca,
679 1215 814 1258 quae,
856 1200 895 1243 si
933 1198 1001 1241 illi
1038 1198 1187 1241 redire
1225 1197 1284 1240 ad
1322 1213 1405 1241 nos
1443 1208 1625 1257 possent
1663 1208 1708 1242 et
1742 1209 1940 1243 nostram
1976 1214 2164 1245 noscere
2199 1199 2418 1251 rationem
2443 1215 2498 1246 ao

475 1265 774 1325 disciplinam,
813 1268 889 1310 vel
926 1264 1180 1308 inviderent
1217 1263 1347 1308 nobis
1382 1266 1459 1308 vel
1499 1275 1618 1309 certe
1655 1263 1742 1308 sibi
1779 1263 1976 1310 defuisse
2014 1265 2284 1331 faterentur3
2321 1278 2365 1313 et
2393 1267 2497 1313 illos

471 1332 675 1391 quidem,
715 1349 851 1392 quum
890 1331 1002 1376 illud
1041 1347 1175 1375 unum
1212 1331 1569 1392 providendum
1581 1347 1679 1377 esse
1717 1326 1970 1409 censerent,
2012 1343 2062 1378 ut
2097 1350 2223 1379 mens
2249 1351 2353 1380 sana
2383 1346 2498 1380 esset

467 1399 513 1443 in
544 1415 740 1460 corpore
768 1415 901 1453 sano,
930 1399 1242 1461 praetermissa
1270 1398 1476 1460 corporis
1506 1398 1739 1460 disciplina
1768 1400 1901 1446 docet
1948 1399 2127 1461 ingenia
2162 1405 2372 1457 juvenum
2410 1418 2497 1447 ex-

469 1467 662 1514 coluisse
692 1467 906 1514 doctrinis
937 1477 980 1513 et
1009 1467 1197 1522 artibus,
1228 1482 1405 1513 sensum
1435 1467 1680 1528 elegantiae
1709 1477 1753 1513 et
1780 1468 2021 1515 venustatis
2050 1469 2290 1526 excitasse,
2328 1469 2497 1517 animos

471 1535 704 1596 religionis
744 1541 788 1581 et
815 1535 1031 1580 libertatis
1057 1535 1205 1580 studio
1234 1535 1466 1589 imbuisse,
1507 1534 1699 1595 denique
1728 1535 1899 1596 gloriae
1927 1537 2210 1598 cupiditatem
2238 1554 2498 1599 quacunque

468 1602 567 1646 fieri
607 1614 761 1664 posset
788 1603 962 1648 ratione
990 1603 1306 1657 inflammasse,
1345 1604 1425 1647 sed
1454 1604 1573 1663 apud
1603 1618 1686 1647 nos
1716 1604 1906 1648 eundem
1934 1615 2087 1664 patere
2115 1606 2398 1666 elegantioris
2425 1605 2498 1651 in·

468 1669 707 1715 stitutionis
737 1687 964 1731 campum,
1004 1671 1123 1731 apud
1153 1686 1235 1716 nos
1266 1686 1444 1729 quoque
1473 1672 1704 1731 praeclara
1733 1670 1976 1730 elegantiae
2007 1673 2336 1722 consectandae·
2355 1684 2399 1718 et
2425 1673 2498 1718 in—

470 1737 704 1783 citamenta
743 1755 841 1782 esse
870 1749 912 1782 et
941 1737 1188 1799 praesidia,
1228 1748 1272 1782 et
1299 1737 1666 1798 praestantiorem
1695 1753 1791 1789 esse
1818 1747 2015 1782 nostram
2043 1738 2328 1799 religionem,
2358 1740 2496 1787 modo

468 1821 524 1849 ne
562 1804 876 1865 superstitione
923 1808 999 1850 vel
1042 1805 1144 1849 ficta
1182 1805 1346 1865 pietate
1383 1805 1662 1864 inquinetur,
1702 1821 1802 1849 cum
1841 1804 2072 1865 religionis
2110 1817 2257 1851 autem
2293 1807 2496 1853 libertate

465 1871 691 1934 publicam
731 1889 828 1918 esse
867 1876 1167 1927 conjunctam,
1209 1871 1401 1931 denique
1439 1872 1610 1932 gloriae
1639 1871 1867 1933 cupiditati
1895 1871 2034 1918 hodie
2060 1872 2256 1935 proponi
2284 1874 2496 1936 praemia,

464 1956 556 1986 non
595 1940 802 2001 corporis
838 1940 1003 1991 vidum
1043 1950 1087 1984 et
1128 1938 1354 1999 agilitatis,
1392 1941 1474 1984 sed
1502 1939 1694 2000 ingenii,
1733 1939 2001 1994 studiorum,
2032 1951 2075 1986 et
2102 1957 2419 2003 progressuum
2446 1942 2494 1988 in

464 2007 608 2053 literis
644 2008 882 2053 factorum.
943 2008 1071 2066 Quae
1117 2005 1268 2051 omnia
1304 2024 1441 2065 quum
1477 2023 1643 2067 negare
1678 2022 1770 2052 non
1807 2007 1949 2067 possit
1982 2007 2068 2053 nisi
2097 2009 2173 2068 qui
2201 2010 2378 2069 putidus
2408 2011 2495 2056 acti

465 2075 682 2136 temporis
720 2076 926 2121 laudator
964 2091 1064 2120 esse
1105 2073 1274 2134 cupiat,
1311 2073 1360 2117 id
1397 2084 1543 2118 tamen
1582 2073 1783 2118 dabimus
1825 2074 2036 2129 Graecis,
2074 2086 2122 2120 ut
2148 2075 2493 2124 luculentissimo

467 2145 681 2203 exemplo
720 2142 841 2187 viam
880 2159 958 2188 eos
988 2153 1368 2204 praemonstrasse
1396 2142 1714 2195 concedamus,
1752 2152 1844 2186 tum
1871 2143 2086 2202 pleraque
2114 2153 2294 2187 naturae
2324 2159 2492 2189 conve·

465 2210 656 2256 nientius
686 2209 949 2266 instituisse,
981 2228 1112 2272 quam
1143 2228 1167 2254 a
1197 2210 1379 2269 reliquis
1418 2210 1475 2253 ad
1513 2220 1709 2254 nostram
1745 2226 1885 2271 usque
1922 2220 2108 2255 aetatem
2145 2208 2311 2256 iactum
2344 2211 2492 2268 fuerit,

464 2280 630 2322 deinde
669 2279 838 2338 ingenii
880 2278 1092 2323 felicitate
1122 2278 1305 2337 aliisque
1334 2278 1454 2322 vitae
1483 2279 1702 2320 humanae
1738 2277 1966 2322 beneficiis
2002 2278 2344 2337 praestantiores
2383 2280 2492 2324 arti-

463 2345 565 2389 ficia
602 2358 752 2390 nostra
794 2364 855 2390 ex
890 2345 1207 2404 magistrorum,
1242 2347 1408 2390 scholis
1438 2344 1574 2404 petita
1602 2345 1736 2388 valde
1764 2362 2018 2404 superasse,
2050 2345 2261 2403 denique,
2289 2346 2339 2389 id
2367 2349 2494 2406 quod

463 2410 705 2458 maximum
736 2423 824 2468 est,
861 2411 907 2459 in
935 2423 1028 2460 tota
1056 2410 1341 2460 institutionis
1370 2412 1542 2459 ratione
1580 2409 1723 2472 ipsam
1750 2409 1982 2458 veritatem
2010 2430 2159 2458 rerum
2189 2425 2492 2462 consectantes

461 2480 614 2527 omnia
643 2480 902 2542 disciplinae
933 2497 1101 2542 genera
1127 2481 1197 2526 ad
1213 2479 1451 2526 maximam
1483 2479 1770 2526 constantiam
1798 2482 2022 2541 justaeque
2050 2480 2233 2528 rationis
2260 2477 2490 2528 concinni-

461 2560 596 2596 tatem
637 2550 944 2606 conjunxisse,
984 2559 1033 2595 ut
1070 2550 1185 2594 adeo
1225 2548 1478 2626 principum
1507 2548 1710 2594 virorum
1738 2547 1855 2593 illius
1884 2547 2026 2610 gentis
2053 2548 2355 2610 prudentiam,
2384 2550 2490 2596 Pla·

416 2647 422 2655 ·
461 2618 578 2665 tonis
620 2618 813 2664 maxime
843 2619 1002 2663 summi
1040 2617 1240 2680 magistri
1269 2618 1515 2664 doctrinam
1544 2632 1628 2679 pro
1659 2616 1957 2678 antiquissima
1985 2617 2305 2680 verissimaque
2332 2634 2494 2666 norma.

462 2689 650 2733 habere
658 2689 735 2733 vel
767 2685 1088 2732 amantissimos
1116 2685 1286 2747 patriae
1315 2685 1490 2732 virtutis
1520 2685 1748 2746 morisque
1777 2685 1910 2746 patrii
1939 2696 1981 2731 et
2018 2685 2220 2741 divinae,
2259 2703 2373 2747 quae
2403 2702 2487 2733 no-

461 2756 527 2800 bis
559 2755 765 2815 contigit,
796 2752 1008 2814 religioni
1037 2753 1357 2800 addictissimos
1386 2753 1620 2815 poenitere
1648 2769 1740 2800 non
1768 2752 1927 2815 possin
