3009 3684
2462 551 2521 598 23

506 694 640 739 quum
668 689 824 724 omnes
852 682 969 719 artes
997 667 1260 728 sellularias,
1287 670 1561 730 βαναύσους,
1593 672 1649 717 ab
1664 672 1865 735 ingenuis
1883 672 2236 719 adolescentibus
2256 673 2517 735 gravissime

503 747 770 793 amoverent
787 750 976 788 ‘veteres
1013 740 1235 796 homines,
1278 743 1658 802 grammaticam,
1709 742 2046 786 arithmeticam
2086 752 2135 785 vet
2174 743 2514 801 geometricam,

500 812 607 859 inde
636 810 983 867 stereometriam
1010 819 1054 856 et
1082 810 1429 865 astronomiam,
1481 820 1526 855 et
1562 810 1809 864 musicam,
1862 827 1978 869 quae
2015 808 2199 872 proprie
2236 809 2300 854 sic
2337 809 2516 864 dieitun,

502 878 697 940 denique
724 877 1013 924 dialecticam
1020 896 1051 935 ‚·
1070 892 1170 926 non·
1189 876 1475 940 sophisticam
1501 875 1645 930 illam,
1675 877 1754 922 sed
1783 893 1896 938 quae
1924 877 1981 923 de
2008 888 2167 922 natura
2192 893 2342 923 rerum
2369 877 2517 924 sensi-

499 949 589 994 bus*
611 951 825 1004 majorum
853 945 1024 1009 quaerit
1052 956 1096 992 et
1120 944 1220 1008 ipsa
1247 944 1430 992 scientia
1456 961 1610 990 rerum
1637 954 1726 999 est,
1767 943 1815 989 in
1853 944 2031 991 summis
2059 946 2274 990 humanae
2312 945 2514 1008 discipli·

500 1016 587 1061 nae
613 1014 842 1078 praesidiis
881 1021 1251 1068 commemorant,
1287 1022 1470 1058 auctore
1507 1012 1731 1067 Platone,
1754 1015 1878 1067 cujus
1905 1014 2022 1058 liber
2050 1012 2262 1074 septimus
2291 1014 2347 1059 de
2376 1031 2514 1076 repu-

499 1082 617 1132 blica
650 1083 755 1131 inde
793 1099 824 1129 a
857 1099 902 1146 p.
942 1081 1040 1128 521.
1079 1079 1129 1128 G.
1146 1079 1214 1139 ,in
1249 1078 1507 1126 enarrandis
1543 1079 1598 1126 iis
1627 1091 1884 1158 occupatur.
1942 1081 2015 1128 De
2043 1081 2112 1127 his
2142 1081 2276 1143 igitur
2303 1082 2511 1161 deinceps

499 1153 750 1208 videamus,
786 1160 837 1197 ut
865 1159 1096 1212 appareat,
1132 1163 1224 1195 non
1252 1149 1311 1194 de
1339 1147 1469 1212 copia
1489 1148 1749 1211 multiplicis
1778 1149 2010 1208 scientiae,
2047 1150 2127 1198 sed
2155 1152 2212 1197 de
2241 1167 2350 1198 vera
2378 1151 2512 1198 animi

499 1220 748 1265 eruditione
777 1235 803 1262 a
828 1220 1013 1262 Platone
1040 1217 1235 1260 maxime
1261 1216 1401 1260 fuisse
1430 1217 1685 1278 cogitatum.

611 1288 669 1332 Et
703 1288 1040 1348 grammaticae
1074 1284 1254 1345 quidem
1289 1283 1549 1344 disciplinae
1583 1283 1707 1328 initia
1745 1286 1802 1328 ad
1839 1284 2016 1347 linguae
2054 1269 2272 1332 elementa
2309 1288 2512 1343 redeunt,

498 1355 657 1416 quibus
703 1353 844 1415 prima
887 1364 1006 1398 aetas
1043 1350 1306 1412 impertitur.
1363 1351 1538 1410 Lepide
1572 1367 1672 1394 eam
1708 1352 1984 1412 disciplinam
2019 1371 2260 1414 puerorum
2300 1355 2512 1400 describit

499 1423 617 1483 apud
656 1422 886 1475 Platonem
923 1420 1194 1477 Protagoras
1233 1417 1433 1476 (Protag.
1461 1435 1504 1477 p.
1534 1418 1633 1461 325.
1663 1418 1712 1462 C.
1743 1436 1890 1478 sequ„
1933 1437 2033 1464 cum
2072 1438 2162 1481 quo
2191 1425 2295 1467 loco
2325 1440 2510 1483 compa-

496 1489 662 1536 raudus
690 1486 888 1549 geminus
917 1483 1030 1546 Leg.
1056 1483 1154 1531 VII.
1183 1501 1228 1546 p.
1257 1484 1361 1531 810
1383 1484 1445 1530 Α.
1475 1484 1640 1545 sequ),
1670 1485 1748 1565 qui
1775 1485 1877 1533 illos
1907 1486 2029 1533 domi
2060 1506 2084 1532 a
2112 1489 2290 1535 nutrice
2312 1502 2356 1535 et
2373 1503 2515 1536 matre

498 1556 554 1605 'et
579 1556 844 1620 paedagogo
882 1563 926 1599 et
963 1552 1064 1616 ipso
1104 1563 1233 1616 patre
1269 1551 1446 1600 assidue
1473 1551 1579 1600 dicit
1606 1552 1708 1600 de
1692 1569 1773 1610 us,
1811 1571 1924 1617 quae
1953 1556 2138 1609 honesta
2168 1567 2213 1604 et
2239 1557 2386 1620 turpia
2413 1557 2511 1613 sint,
2546 1584 2549 1586 v

497 1625 749 1678 admoneri,
777 1635 871 1668 tum
899 1623 1114 1667 deductos
1142 1622 1199 1666 ad
1227 1623 1483 1684 magistros,
1497 1622 1830 1693 grammatistas
1871 1634 1915 1668 et
1952 1624 2217 1682 citharistas,
2254 1626 2403 1673 literas
2442 1628 2513 1672 di-

497 1713 623 1743 scere
652 1706 695 1740 et
724 1692 917 1739 citharae
946 1691 1128 1744 modos,
1166 1691 1272 1737 inde
1309 1692 1501 1736 imbutos
1526 1684 1755 1736 literarum
1785 1693 2010 1738 elementis
2026 1694 2118 1751 *)
2105 1711 2151 1738 1n
2180 1695 2398 1741 subselliis
2427 1697 2512 1741 bo-

495 1781 656 1812 norum
682 1773 913 1824 poetarum
943 1759 1136 1805 carmina
1154 1761 1312 1821 legere
1341 1771 1385 1805 et
1412 1759 1654 1806 memoriae
1681 1762 1914 1817 mandare,
1945 1773 1989 1807 et
2023 1762 2107 1806 alia
2135 1780 2287 1807 rursus
2318 1765 2517 1809 carmina

495 1833 740 1896 lyricorum
769 1828 887 1890 apud
916 1826 1158 1873 citharistas
1188 1828 1243 1870 ad
1273 1828 1432 1872 modos
1461 1843 1759 1889 numerosque
1788 1829 2051 1888 astringere,
2093 1841 2224 1888 atque
2266 1845 2322 1875 eo
2351 1832 2517 1876 labore*

494 1900 615 1962 ipsos
653 1899 709 1943 ad
746 1894 996 1957 εὐρυθμίαν
1035 1905 1079 1939 et
1119 1892 1419 1954 ευαρμοστίαν
1456 1895 1580 1956 cogi,
1616 1906 1709 1940 tum
1738 1896 2096 1957 paedotiibarum
2127 1896 2385 1959 disciplinae
2413 1908 2506 1943 tra-

495 1968 611 2014 ditos
641 1981 834 2026 corpora
862 1963 1159 2008 corroborare
1197 1973 1241 2005 et
1267 1962 1516 2007 fortitudini
1544 1979 1821 2015 assuescere,
1860 1974 1905 2006 et
1941 1964 2022 2006 has
2052 1965 2225 2008 scholas
2253 1980 2407 2011 omnes
2437 1965 2514 2008 di-

491 2034 683 2082 tissimos
718 2046 884 2094 pueros
925 2027 1094 2091 primos
1131 2028 1437 2090 frequentare,
1474 2041 1725 2090 postremos
1770 2030 2044 2089 relinquere,
2095 2042 2186 2076 tum
2225 2032 2509 2078 dimissorum

494 2122 520 2150 e
549 2104 704 2149 schola
733 2115 884 2146 curam
912 2097 1230 2158 rempublicam
1259 2097 1485 2159 suscipere
1514 2096 1686 2159 legibus
1724 2097 1782 2140 ad
1821 2097 2079 2142 discendum
2121 2110 2165 2143 et
2205 2101 2508 2146 exercendum

494 2172 630 2226 datis,
660 2184 844 2230 eamque
873 2165 1265 2227 grammatistarum
1293 2181 1420 2211 more
1450 2182 1583 2227 agere
1612 2164 1809 2210 scribere
1838 2165 2106 2226 discentibus
2150 2167 2336 2215 lineolas
2374 2186 2507 2230 prae-

423 2283 428 2289 .
494 2238 770 2292 ducentium,
807 2246 857 2281 ut
892 2233 957 2278 illi
994 2234 1049 2278 ad
1087 2236 1236 2295 legum
1276 2249 1473 2279 normam
1511 2244 1717 2294 tanquam
1757 2234 1813 2277 ad
1841 2233 2003 2279 lineam
2033 2237 2293 2297 obsequium
2323 2237 2507 2283 confor-

493 2313 612 2355 ment
641 2314 685 2351 et
714 2314 868 2350 contra
894 2300 1384 2364 facientes-puniantur.
1448 2301 1575 2360 Quae
1604 2300 1751 2346 omnia
1784 2297 1846 2347 uti
1888 2314 2038 2348 nostra
2068 2315 2208 2349 aetate
2237 2305 2406 2366 pariter
2435 2305 2505 2350 in-

492 2376 726 2424 stituuntur
759 2387 928 2431 neque,
967 2381 1015 2415 ut
1050 2387 1123 2416 res
1160 2371 1274 2416 bene
1313 2380 1487 2430 agatur,
1529 2369 1656 2415 aliter
1690 2369 1788 2415 fieri
1817 2382 2021 2433 possunt,
2060 2372 2124 2416 ita
2147 2372 2195 2416 in
2224 2375 2283 2418 eo
2310 2372 2506 2419 maxime

492 2444 760 2491 admiramur
786 2438 988 2484 homines
1015 2438 1139 2494 illos,
1176 2438 1298 2501 quod
1335 2455 1435 2484 cum
1472 2437 1649 2500 linguae
1687 2437 1854 2499 patriae
1895 2437 2146 2500 cognitione
2175 2439 2504 2503 antiquissimo-

490 2530 590 2558 rum
619 2508 880 2559 carminum,
908 2506 1149 2552 Homerica
1178 2506 1386 2561 dicimus,
1415 2506 1462 2550 in
1491 2507 1650 2566 quibus
1679 2517 1721 2550 et
1750 2508 1925 2550 ultimae
1955 2508 2105 2551 aetatis
2146 2520 2429 2554 monumenta
2461 2520 2502 2553 et

492 2579 634 2628 omnis
672 2573 899 2636 religionis
940 2572 1116 2634 publice
1151 2584 1357 2634 receptae
1394 2572 1588 2633 origines
1618 2583 1762 2625 erant,
1801 2572 2103 2619 recitationem
2141 2576 2197 2619 ad
2227 2577 2387 2622 modos
2416 2594 2501 2620 nu-

490 2662 726 2707 merosque
755 2643 914 2689 factam
951 2641 1298 2703 conjungebant,
1322 2652 1415 2687 tum
1443 2657 1555 2687 vero
1586 2640 1642 2685 ad
1670 2640 1927 2702 Aesopum,
1957 2643 2076 2688 vitae
2097 2644 2366 2705 magistrum,
2395 2645 2500 2690 inde

493 2717 551 2764 ad
577 2714 766 2778 lyricos,
804 2712 920 2777 inter
957 2728 1069 2774 quos
1110 2708 1388 2766 Simoniden,
1430 2708 1665 2764 Solonem,
1715 2709 2032 2771 Theognidem
2073 2713 2348 2768 adamabant,
2386 2730 2499 2774 pro-

535 2945 574 2989 ι)
600 2944 657 2981 De
680 2944 816 2978 ratione
839 2941 1061 2988 grammatica
1085 2938 1255 2975 elementa
1280 2935 1441 2973 ducendi
1461 2947 1502 2975 ν.
1525 2938 1681 2983 Diony&a
1696 2937 1742 2972 de
1765 2937 1890 2973 admit.
1915 2943 1952 2975 vi
1976 2938 2129 2973 dicendi*
2144 2938 2332 2976 Demostb.
2370 2952 2404 2977 c.
2440 2940 2499 2977 52.

581 3003 691 3039 Tem.
714 3002 778 3037 Vt.
802 3012 840 3048 p.
867 2995 970 3034 1114.
995 3009 1095 3045 sequ.
1118 2995 1237 3032 Reisk.
1264 2994 1311 3031 cf,
1339 2996 1478 3030 Cramer
1499 2995 1539 3041 l.‚
1565 3007 1596 3032 e.
1621 3010 1659 3044 p.
1685 2996 1766 3030 281.
