3009 3684
464 549 494 592 6

466 667 650 732 quando
689 683 738 714 se
766 665 862 713 falli
899 663 1019 725 passi
1051 664 1258 720 fuerant,
1302 682 1365 712 ea*
1386 664 1570 713 deducti
1597 664 1792 723 abjicere
1820 674 1866 713 st
1893 666 1952 714 sd
1963 665 2202 723 ”aiom
2226 667 2496 723 ‚ammian

467 738 620 786 redire
659 751 748 782 non
787 732 1065 779 erubescunt.
1135 732 1292 794 Atque
1330 732 1394 779 its
1431 733 1615 787 evenire
1644 733 1707 783 iis
1734 735 1874 790 solet,
1912 745 1962 785 tt
1986 736 2069 792 012¹
2075 732 2327 791 Mum
2347 736 2493 794 illem,

469 824 584 870 quae
611 800 828 865 imperitis
851 801 1003 847 multis
1029 800 1188 848 inertia
1217 801 1435 862 quaedam
1459 818 1557 848 esse
1585 801 1844 856 videbatur,
1874 817 2010 864 saepe
2028 806 2257 857 contemti·
2270 817 2315 854 οι
2341 806 2494 863 derbi,

469 871 680 937 quicquid
699 867 999 933 probaverint
1016 870 1344 932 probatumque
1372 867 1660 925 instituerint,
1688 867 1783 916 non
1809 865 2066 926 desultoria
2076 872 2281 931 lemno,
2308 876 2389 922 ,ed
2416 890 2494 922 η.

468 944 589 990 tione
618 951 661 987 et
687 937 849 986 ordine
878 948 1032 1000 agant,
1060 936 1110 984 id
1139 937 1306 1008 quod
1291 955 1338 985 ιιι
1367 937 1673 986 constituenda
1697 935 1862 987 forma
1869 935 2210 1000 respublicas
2193 957 2245 988 ιιι
2271 938 2500 998 armandis

466 1022 513 1057 et
547 1006 816 1055 exercendis
854 1006 1054 1062 civibus,
1094 1005 1144 1053 in
1181 999 1443 1075 ordinandis
1471 1005 1683 1069 negotiis,
1716 1004 2074 1073 ,ιᾶιιιὶιιῃῃιιάὶι
2093 1009 2496 1089 custodiendisque

469 1076 676 1129 aerariis,
665 1073 919 1196 ,me
948 1071 1213 1121 ministeriis
1240 1074 1428 1136 privatis
1466 1086 1512 1122 et
1547 1073 1780 1136 publicis,
1801 1087 1918 1142 quae
1943 1087 2179 1124 “censere
2205 1091 2300 1123 nou
2326 1075 2496 1134 attinet,
2564 1150 2566 1152 r

467 1148 528 1192 ita
547 1145 678 1190 demo
887 1153 905 1187 t
948 1153 996 1186 ut
1013 1143 1070 1186 ab
1089 1142 1460 1189 obtrectatoribus
1479 1142 1750 1219 aemulisque
1768 1136 1940 1204 gloriae
1957 1142 2126 1204 pan-iae
2142 1146 2311 1198 maiore
2329 1143 2378 1190 in
2398 1145 2497 1191 dies

467 1205 743 1260 verecundia
765 1220 809 1255 et
826 1209 988 1255 favore
1011 1209 1317 1269 suspiciantur.
1375 1211 1434 1254 Et
1460 1209 1657 1258 maxime
1684 1209 1837 1255 meriti,
1857 1220 1978 1261 ιιιι(
1987 1225 2087 1255 eam
2112 1210 2333 1258 laudem'
2318 1227 2367 1258 ιιι
2379 1220 2496 1259 mo-

470 1280 667 1326 deranda
696 1283 908 1333 juvenum
937 1275 1224 1330 educatione,
1253 1286 1387 1336 quam
1416 1289 1555 1336 quum
1581 1273 1792 1336 proxima
1820 1284 1961 1321 aetsts
1990 1275 2114 1322 docti
2141 1278 2398 1341 indoctiqoe
2424 1283 2497 1336 ju-

469 1349 589 1393 dices
618 1345 748 1390 nimis
776 1343 1067 1389 umbraticam
1096 1354 1140 1388 et
1167 1359 1370 1388 mancam
1400 1354 1461 1388 et
1472 1342 1639 1388 exilem
1667 1341 1962 1397 dictitassent,
1989 1358 2103 1391 mox
2127 1343 2249 1395 fama
2268 1347 2498 1408 purgandi

465 1412 757 1475 poliendique
782 1422 1000 1472 potestate
1029 1411 1105 1456 alii
1132 1412 1191 1456 sd
1219 1412 1374 1456 ludum
1396 1414 1654 1470 jocumque,
1685 1409 1762 1455 alii
1789 1405 1859 1463 ad
1875 1405 2049 1461 luorum
2077 1423 2394 1474 quaestumque
2418 1425 2499 1460 re·-

466 1491 728 1535 vocassent,
757 1479 920 1526 sensim
948 1478 1273 1525 mansuefactis
1289 1477 1446 1525 animis
1475 1476 1791 1539 placatisque
1775 1494 1856 1546 ms
1883 1475 1960 1533 ii,
1971 1494 2110 1540 penes
2137 1491 2252 1540 quos
2279 1498 2498 1530 summum

466 1545 698 1596 arbitrium
723 1559 767 1593 et
794 1551 907 1603 justa
937 1547 1174 1593 auctoritas
1202 1557 1320 1604 erat,
1348 1545 1411 1592 ita
1439 1545 1786 1599 ordinaverunt,
1815 1540 1867 1591 ut
1885 1544 2079 1606 detersis
2106 1544 2315 1597 sordibus
2344 1548 2498 1598 elutisv

467 1635 555 1678 qne
567 1614 790 1671 maculis,
821 1625 866 1661 et
894 1614 1222 1670 exterminatis,
1252 1626 1366 1675 qnae
1396 1630 1458 1660 ex
1485 1624 1640 1660 vetere
1668 1611 1838 1660 incultu
1864 1612 1999 1663 nimis
2025 1603 2102 1660 diu
2128 1615 2387 1674 haeserant,
2416 1633 2500 1664 an-

468 1683 704 1747 tiquissimi
722 1682 1012 1739 fundamenti,
1038 1683 1113 1729 cui
1128 1693 1408 1745 tempestates
1430 1681 1544 1729 adeo
1568 1680 1679 1727 nihil
1698 1679 1956 1736 offecerant,
1975 1692 2023 1730 ut
2042 1682 2173 1730 etiam
2189 1681 2502 1747 solidius‘sub-

469 1763 698 1799 structum
711 1751 966 1805 videretur,
1001 1768 1059 1796 ne
1081 1750 1282 1811 'lapidem
1311 1750 1494 1810 quidem
1522 1760 1778 1804 moverent,
1807 1749 2058 1798 aedificium
2083 1750 2230 1812 ipsum
2256 1741 2369 1813 pilis
2379 1769 2502 1802 cou-

469 1820 697 1866 firmarent
714 1830 762 1864 et
779 1830 1002 1870 novarum
1026 1821 1333 1864 columnarum
1358 1816 1632 1863 ornamentis
1660 1816 2006 1867 condecoratum
2034 1818 2092 1863 ad
2121 1818 2249 1866 altius
2277 1819 2502 1883 fastigium

468 1887 707 1949 erigerent.
773 1884 873 1929 Etf
858 1896 907 1930 ιιι
933 1884 1132 1930 Saxonia
1161 1882 1364 1944 quidem,
1402 1900 1429 1928 a
1457 1883 1658 1929 restituto
1687 1883 1793 1929 inde
1821 1884 2051 1931 literarum
2078 1896 2124 1931 et
2152 1895 2384 1936 sacrorum
2407 1889 2500 1935 110-

468 1971 589 2000 nore·
609 1952 804 2012 benigna
834 1953 1106 2011 optimorum
1133 1953 1381 1996 studiorum
1408 1962 1549 1995 matre
1579 1961 1622 1994 et
1649 1951 1845 2003 nutrice,
1875 1951 1973 1994 ab·
1958 1968 2038 2006 ιιι,
2044 1954 2155 2011 qui
2181 1954 2287 2000 huie
2310 1956 2500 2018 negotio·

469 2020 597 2082 regia
614 2018 894 2065 anctoritate
931 2027 1169 2079 praesunt,
1211 2016 1424 2077 'proximo
1465 2032 1582 2061 anno
1618 2015 1666 2060 id
1696 2016 1845 2061 datum
1871 2028 1938 2064 est
1966 2017 2282 2080 experientiae-
2299 2030 2344 2066 et
2369 2019 2502 2088 indu-

470 2089 605 2135 striae
625 2087 961 2149 magistrorum,
990 2096 1038 2130 ut
1054 2084 1132 2145 qui
1160 2084 1327 2130 scholis
1353 2084 1570 2146 praefecti
1597 2088 1673 2131 vel
1702 2085 1749 2130 in
1771 2086 1867 2136 alio
1889 2085 2150 2135 eruditionis
2179 2096 2345 2149 genere
2373 2085 2502 2149 prin-

471 2156 596 2217 cipes
634 2166 806 2209 essent,
849 2155 894 2199 in
925 2153 1112 2213 patriam
1141 2154 1298 2197 urbem
1327 2152 1504 2199 evocati
1532 2153 1590 2198 de
1617 2153 1784 2198 finibus
1808 2165 1853 2199 et
1879 2153 2027 2200 forma
2056 2165 2101 2201 et
2127 2155 2300 2201 ratione
2328 2157 2501 2203 studio·

470 2239 574 2270 rum
596 2188 872 2284 disputantes
902 2220 1180 2274 audirentur,
1210 2230 1254 2266 et
1282 2236 1418 2280 quum
1448 2220 1507 2265 ad
1536 2220 1879 2288 describendum
1906 2229 2072 2269 rerum
2085 2221 2293 2271 ordinem
2317 2234 2503 2273 ’ventum

472 2300 612 2345 esset,
642 2288 1008 2336 adconsiliorum
1029 2299 1074 2333 et
1101 2287 1417 2350 suffragiorum
1446 2285 1803 2341 communionem
1828 2282 2202 2337 admitterenturs
2235 2290 2336 2336 Jam
2364 2307 2501 2352 quum

472 2358 640 2405 scholis
669 2357 836 2420 patriis'
854 2373 973 2403 nova
1003 2367 1121 2402 aetas
1150 2356 1274 2402 nasci
1301 2356 1530 2410 videatur,
1558 2357 1734 2411 multis,
1759 2358 1955 2405 maxime
1984 2366 2098 2417 quae
2128 2358 2185 2402 ad
2214 2361 2502 2420 complexum

473 2438 520 2473 et
547 2426 751 2472 ordinem
780 2425 1030 2472 studIOrum
1059 2424 1304 2486 pertioent,
1334 2440 1479 2485 nuper
1506 2423 1736 2479 institutis,
1780 2424 1878 2472 aliis
1906 2425 1983 2470 ad
1991 2425 2268 2486 aequandum
2298 2425 2501 2487 discipli-

472 2512 559 2541 nae
594 2493 798 2555 regimen·
831 2505 880 2539 et
918 2485 1225 2539 stabiliendam
1258 2506 1344 2554 per
1370 2509 1526 2538 omnes
1563 2505 1711 2539 certae
1740 2504 1784 2539 et
1811 2494 2057 2553 frugiferae
2086 2493 2316 2542 doctrinae
2344 2494 2501 2555 gravi·

471 2574 607 2610 tatem
631 2560 952 2624 sapientissime
973 2561 1269 2624 praeparatis,
1298 2560 1684 2608 indicturisnobis
1715 2557 2060 2608 anniversariam
2074 2561 2385 2610 conditiante
2414 2563 2502 2615 tria

472 2633 570 2677 fere
599 2632 750 2676 secula
778 2630 973 2675 Afranei
1003 2630 1320 2676 solemnitatem
1348 2645 1441 2675 non
1473 2629 1664 2675 alienum
1692 2629 1893 2684 videtur,
1923 2630 2189 2690 comparatis
2218 2629 2499 2692 antiquorum

475 2712 518 2746 et
547 2710 805 2746 nostrorum
833 2696 1065 2744 hominum
1092 2697 1336 2743 rationibus
1366 2709 1409 2743 et
1438 2696 1643 2744 institutis
1657 2733 1668 2754 ,
1699 2709 1910 2759 quantum
1938 2697 2025 2744 illis
2055 2698 2293 2745 debeamus
2320 2698 2368 2745 in
2397 2701 2502 2761 plui·

475 2767 599 2814 rimis
641 2777 685 2814 et
725 2765 1026 2829 gravissimis,
1073 2764 1191 2826 quid·
1208 2764 1297 2826 ipsi
1331 2764 1660 2826 profecerimus-
1690 2767 1829 2813 auctis
1867 2765 2197 2828 emendatisque
2235 2766 2502 2829 optimarum

478 2838 636 2881 artium
672 2835 925 2888 subsidiis,
950 2833 1060 2894 quid
1096 2833 1288 2893 denique
1324 2834 1449 2878 desit
1471 2834 1601 2880 nobis
1642 2835 1699 2880 ad
1728 2835 1908 2896 dignam
1944 2834 2125 2880 illorum
2164 2833 2501 2882 aemulationem

477 2906 555 2949 vel
585 2902 642 2947 ad
672 2902 1033 2964 consequendum
1062 2918 1166 2947 eum
1194 2901 1351 2955 finem,
1382 2918 1514 2962 quem
1542 2901 1853 2964 augustissimo
1881 2903 2094 2963 exemplo
2123 2911 2168 2946 et
2196 2901 2349 2947 divina
2373 2902 2502 2948 insti-

477 2970 650 3017 tutione
687 2969 935 3016 Cln‘istiaua
969 2968 1132 3033 religio
1171 2969 1436 3033 proposuit,
1482 2969 1738 3032 diligentius
1761 2971 2055 3026 examinare3
2105 2969 2153 3015 in
2188 2985 2279 3032 quo
2318 2971 2500 3035 negotio
