3009 3684
2529 536 2583 581 19

568 675 688 707 mum
709 664 899 708 σαι-ικ-
918 655 1148 712 νὶὼαίιιέ,
1195 654 1412 704 artissimo
1451 666 1633 703 naturae
1668 671 1792 707 nexu
1826 655 1874 702 in
1911 654 2065 702 animis
2102 654 2274 718 pariter
2311 656 2371 701 ad
2406 672 2582 704 omnem

566 724 874 775 ion-titudinem
907 723 1154 774 serenandis
1190 724 1622 786 corroborandisque
1661 735 1876 771 versatur.
1933 725 1992 770 Et
2036 724 2094 770 de
2133 725 2236 769 arte
2272 724 2457 787 quidem
2489 741 2583 789 gy—

566 795 721 842 unica
747 793 814 840 ab
849 793 1051 849 omnibus
1081 793 1258 858 populis
1287 793 1489 871 antiquis
1503 794 1820 840 studiosissime
1858 794 2125 846 exercitata,
2155 804 2198 837 et
2237 796 2422 839 multum
2453 810 2581 840 com·

565 860 770 908 mendata
806 862 862 908 ab
888 861 1230 925 Atheniensium
1255 861 1367 911 viris
1395 861 1750 923 sapientissimis,
1781 861 1857 921 qui
1887 878 2020 921 quum
2047 860 2198 906 Dores
2225 860 2386 908 bellica
2415 861 2582 909 virtute

566 940 613 976 et
648 929 888 977 constantia
926 947 1036 993 praa
1073 929 1234 977 ceteris
1262 929 1449 976 Graecis
1476 929 1671 975 maxime
1701 931 1925 973 excellere
1953 928 2192 982 vidissent,
2221 945 2401 975 suorum
2429 932 2580 977 mores

563 997 745 1049 luxuria
768 998 1042 1047 effeminatos
1067 1008 1115 1045 at
1139 997 1210 1044 ad
1237 1013 1415 1045 omnem
1440 997 1740 1057 comptelam
1770 996 2036 1057 depravatos
2064 1014 2148 1058 per
2173 996 2292 1042 illam
2311 998 2367 1043 ad
2386 999 2578 1060 priscam

564 1067 847 1115 severitatem
883 1065 1055 1114 restitui
1091 1081 1229 1129 Ρομο
1262 1063 1564 1124 existimantes
1608 1063 1926 1126 Spartanorum
1951 1063 2145 1112 instituta
2174 1066 2264 1112 ιιοιι
2293 1066 2397 1119 sine
2418 1085 2577 1132 magna

563 1135 845 1199 popularium
871 1135 1041 1196 invidia
1070 1120 1405 1197 praedicabant,
1434 1133 1571 1196 igitur
1598 1134 1655 1179 de
1683 1146 1777 1179 arte
1805 1134 2038 1194 gymnica,
2067 1146 2298 1196 postquam
2326 1147 2476 1181 nostra
2498 1154 2577 1182 ae·

560 1214 649 1250 tate
689 1203 859 1264 :evixit
897 1215 942 1249 et
980 1221 1005 1248 a
1040 1203 1231 1265 partium
1279 1201 1436 1248 studiis
1475 1203 1531 1248 ad
1566 1206 1724 1257 justam
1758 1203 1977 1247 rationem
2012 1201 2343 1264 legitimumque
2374 1202 2575 1249 ordinem

562 1282 774 1320 revocata
806 1282 893 1326 est,
931 1270 1142 1332 quicquid
1177 1269 1413 1329 antiquitus
1450 1282 1725 1331 compertum
1753 1271 1987 1325 habemus,
2016 1270 2115 1315 fene
2143 1288 2380 1317 excussum
2410 1283 2454 1317 et
2481 1283 2575 1317 tra-

560 1338 753 1389 laticium
789 1339 932 1399 est.*)
976 1339 1131 1399 Neque
1170 1337 1219 1383 id
1254 1336 1386 1384 nobis
1414 1337 1656 1397 agendum,
1685 1350 1734 1383 ut
1761 1337 2010 1383 sexcenties
2039 1338 2261 1399 descripta
2288 1357 2405 1385 nunc
2432 1338 2569 1401 repe-

559 1419 724 1463 tamus,
765 1407 846 1454 sed
884 1404 962 1467 qui
999 1405 1180 1459 modus,
1218 1403 1297 1464 qui
1324 1403 1434 1449 fines
1461 1403 1565 1450 huic
1596 1404 1853 1465 disciplinae
1882 1405 2098 1450 statuendi
2127 1406 2235 1460 sint,
2281 1406 2572 1462 Graecorum,

560 1476 754 1522 maxime
783 1471 980 1520 Platonis
1009 1472 1219 1536 exemplo
1247 1471 1497 1517 doceamus.
1556 1471 1611 1517 Et
1640 1470 2002 1531 prudentissimos
2031 1471 2079 1516 in
2108 1473 2195 1517 hoc
2225 1472 2404 1533 negotio
2435 1474 2573 1534 fuisse

559 1543 709 1603 legum
746 1533 998 1586 Atticarum
1038 1547 1240 1584 auctores
1279 1529 1535 1584 Draconem
1571 1548 1615 1584 et
1643 1539 1880 1594 Solonem,
1919 1533 2214 1586 Aeschines'
2199 1555 2246 1584 ιιι
2276 1550 2387 1585 orat.
2417 1557 2454 1586 c.
2486 1538 2545 1587 Γ
2532 1559 2572 1586 1-

560 1609 724 1655 march.
755 1610 820 1670 (p.
848 1609 949 1652 252.
980 1606 1048 1652 ed.
1077 1605 1295 1664 Bekker.)
1325 1605 1670 1653 luculentissimo
1694 1609 1797 1653 loco
1825 1617 2032 1664 testatur,
2075 1624 2175 1654 cum
2211 1599 2301 1667 quo
2340 1625 2573 1671 compara-

559 1676 626 1724 vit
662 1675 888 1736 Iacobsius
925 1693 969 1737 p.
1011 1676 1106 1719 195.
1145 1674 1173 1717 l.
1213 1690 1251 1719 c.
1291 1673 1516 1734 geminos,
1560 1676 1746 1720 alterum
1779 1662 2108 1735 Aristophanis
2149 1676 2261 1725 Nub.
2300 1678 2572 1732 960—997„

559 1760 650 1803 quo
696 1742 832 1804 prisci
877 1740 1090 1803 temporis
1135 1756 1287 1787 mores
1335 1759 1436 1787 cum
1471 1742 1782 1788 recentissimis
1822 1754 2156 1804 comparantur,
2205 1745 2391 1789 alterum
2430 1745 2572 1791 Plauti

559 1811 769 1858 Bacchid.
806 1810 979 1865 111,·3,
1025 1811 1091 1854 16.
1132 1825 1256 1869 sequ.
1293 1826 1356 1854 ex
1387 1809 1565 1857 Graeco
1592 1811 1718 1856 fonte
1746 1811 1941 1871 petitum.
1972 1810 2187 1854 Nimirum
2216 1827 2307 1856 non
2334 1811 2389 1856 iis
2417 1811 2568 1856 indul-

557 1879 749 1941 gendum
773 1889 858 1933 est,
899 1877 1063 1938 qulbus
1071 1909 1089 1933 ‚
1130 1887 1178 1922 ut
1207 1876 1501 1943 Quintilianus
1539 1877 1599 1923 ait
1626 1880 1666 1933 l,
1709 1879 1784 1932 11,
1826 1878 1892 1921 15.
1922 1891 2037 1936 pars
2066 1879 2190 1921 tilae
2218 1880 2269 1922 in
2298 1879 2420 1935 oleo,
2451 1896 2567 1939 pars

557 1950 608 1992 in
643 1949 750 1991 vino
788 1946 1094 1999 consumitur,
1114 1946 1216 2003 qui
1255 1941 1457 2005 corporis
1493 1961 1610 1990 cura
1637 1955 1827 1989 mentem
1855 1942 2126 2000 obruerun13
2154 1947 2239 1990 hos
2268 1946 2387 1990 enim
2415 1958 2462 1992 ut
2490 1947 2567 1993 ille

556 2030 688 2078 quam
724 2011 981 2075 longissime
1018 2011 1173 2057 abesse
1209 2011 1421 2070 velimus,
1458 2012 1537 2058 sed
1574 2028 1653 2058 eos
1690 2012 1923 2073 magistros
1963 2022 2007 2057 et
2045 2029 2119 2057 eas
2159 2024 2275 2058 artes
2305 2014 2567 2075 expetimus,

556 2083 716 2145 quibus
743 2091 903 2141 ⁴gestus
938 2090 1187 2140 motusque
1211 2047 1472 2126 formentur.
1529 2078 1684 2142 Atque
1713 2081 1770 2124 ad
1800 2096 1895 2124 eam
1923 2079 2181 2125 sententiam
2218 2081 2344 2128 Plato
2388 2083 2444 2128 de
2473 2100 2567 2146 rep.

555 2168 599 2213 p.
624 2150 725 2198 403.
754 2149 814 2195 D.
843 2159 947 2211 post
971 2147 1207 2204 musicam,
1232 2165 1368 2209 quam
1396 2149 1613 2210 ampliore
1641 2147 1890 2210 significatu
1918 2147 2053 2203 dixit,
2098 2149 2371 2210 gymnastica
2412 2151 2567 2198 adole-

601 2345 639 2389 *)
670 2345 728 2381 De
759 2346 978 2391 gymnastica
1007 2344 1167 2389 Dorum,
1200 2346 1357 2381 maxime
1387 2344 1663 2392 Spartanorum,
1695 2357 1733 2380 v.
1765 2344 1939 2380 δάκνω-π..
1975 2344 2000 2378 l.
2035 2355 2068 2379 ο.
2100 2357 2139 2390 p.
2163 2344 2247 2380 293.
2271 2356 2386 2391 sequ„
2414 2346 2565 2382 Cramer.

647 2402 730 2437 hist.
761 2400 864 2436 educ.
895 2402 945 2438 Τ.
976 2400 1000 2434 l.
1036 2415 1076 2448 p.
1113 2401 1178 2437 181
1211 2414 1310 2449 sequ.
1341 2410 1376 2438 et
1408 2402 1477 2436 213
1511 2414 1625 2449 sequ„
1663 2402 1904 2436 Wachsmush.
1928 2401 1954 2436 l.
1978 2413 2009 2434 c.
2033 2414 2072 2447 p.
2096 2401 2132 2436 9.
2159 2409 2194 2435 et
2216 2400 2260 2436 51
2287 2412 2404 2448 sequ„
2433 2403 2563 2449 Odofr.

645 2457 816 2494 Mueller.
847 2458 972 2493 Dorio.
1008 2458 1093 2494 Vol.
1115 2457 1161 2494 ll.
1184 2472 1224 2507 p.
1247 2458 1332 2495 299.
1356 2471 1469 2507 aequ„
1496 2458 1766 2493 Atheniensium
1796 2460 1943 2493 Cramer.
1967 2455 1992 2492 l.
2018 2469 2050 2492 c.
2074 2470 2113 2505 p.
2136 2458 2220 2494 211.
2246 2469 2363 2508 sequ„
2389 2461 2561 2498 Schmun.

646 2530 685 2565 p.
718 2513 788 2551 365
821 2526 934 2563 sequ..
970 2515 1212 2553 Wachmuth.
1244 2530 1282 2564 p.
1316 2516 1376 2554 55.
1409 2529 1523 2564 sequ„
1555 2518 1693 2552 Jacobs.
1730 2530 1768 2562 p.
1806 2517 1862 2551 18.
1899 2523 1945 2550 et.
1974 2516 2044 2549 170
2066 2528 2168 2563 sequ.
2193 2516 2264 2551 Hie
2287 2531 2328 2566 p.
2356 2516 2435 2552 176.
2460 2531 2561 2566 sequ.

646 2574 859 2622 comparatis
890 2573 935 2607 iis
959 2571 1105 2623 artibus,
1143 2573 1274 2622 qulbus
1298 2586 1395 2609 nune
1413 2586 1438 2609 a
1458 2574 1653 2622 pl-'sque‚
1679 2575 1833 2608 maxime
1857 2585 1877 2606 a
1902 2571 2186 2618 delicatioribus,
2211 2586 2362 2623 corpora
2387 2575 2433 2610 ad
2456 2576 2562 2622 agili-

645 2640 757 2668 tatem
786 2639 822 2667 et
852 2639 1075 2678 venustatem
1108 2630 1326 2676 formantur,
1358 2616 1572 2667 de'ratione
1604 2632 1688 2665 artis
1720 2632 1960 2676 gymnasticae
1984 2630 2081 2678 apud
2105 2644 2171 2667 nos
2193 2633 2433 2669 restituendae
2457 2643 2492 2669 et
2515 2634 2563 2670 de

647 2703 786 2727 morum
809 2688 998 2736 disciplina
1022 2701 1105 2724 eum
1127 2689 1188 2724 illa
1211 2688 1456 2736 conjungenda
1479 2688 1661 2736 praeclare
1681 2691 1864 2736 exposuit.
1891 2688 2082 2737 (Inscripta
2107 2698 2190 2723 suut
2213 2692 2351 2739 capita:
2384 2692 2563 2727 Deum-he

651 2747 872 2795 Gymnasn'k‚
896 2746 1019 2783 Zweck
1043 2749 1106 2781 cler
1132 2748 1265 2794 Gymm,
1290 2749 1524 2794 Fddagogen,
1550 2746 1762 2785 Sintia-Men
1786 2748 1847 2780 cler·
1874 2746 2109 2793 Gymnasrik.)
2143 2747 2188 2781 cf.
2213 2760 2304 2796 quae
2327 2749 2562 2785 Tbiersehius

648 2808 687 2842 in
718 2804 830 2854 praef.
865 2804 1009 2840 Pindari
1033 2804 1160 2839 Jahnio
1183 2806 1352 2853 inscripta
1376 2807 1528 2840 monuit.
1576 2804 1701 2839 Artem
1726 2806 1981 2850 gymnasticam
2005 2804 2051 2838 ad
2075 2814 2215 2840 nostrae
2238 2807 2362 2839 aetatis
2385 2809 2563 2841 rationem

647 2863 872 2901 emendatam
893 2864 1093 2911 praeceptis
1116 2863 1350 2899 excoluenmt
1374 2861 1622 2898 Gutum-:thius
1645 2870 1681 2897 et
1704 2862 1850 2897 Iahnius
1874 2864 1912 2897 in
1935 2861 2034 2896 libris
2052 2861 2279 2908 pervulgatis,
2304 2862 2438 2911 quibus
2455 2877 2562 2899 com-

647 2922 768 2970 pilati:
789 2920 923 2955 librum
941 2922 1030 2955 satis
1054 2920 1177 2955 utilem
1199 2933 1316 2970 nuper
1337 2920 1451 2957 edidit
1472 2920 1685 2965 Wernems,
1710 2919 1749 2954 id
1772 2928 1866 2955 certe
1890 2921 2056 2963 meritus,
2096 2918 2195 2967 quod
2226 2929 2435 2970 opportuno
2466 2931 2561 2957 tem-

646 2991 735 3027 pore
760 2976 805 3013 ad
832 2990 1022 3027 corporum
1048 2977 1287 3027 disciplinam,
1306 2980 1413 3024 nimis
1439 2977 1501 3012 diu
1528 2977 1745 3024 neglectam,
1771 2979 1907 3012 animos
1932 2977 2120 3012 convertit.

1936 3030 2108 3078 ,3³⁰⁶
