3009 3684
2452 551 2508 594 21

506 692 596 737 que
627 664 755 723 inde
769 667 1032 722 ‘eruditionis
1055 664 1220 721 odium
1256 673 1387 722 on'ri
1402 682 1462 723 et'
1473 672 1699 724 saevitiam
1726 691 1832 724 cunr
1855 674 2136 755 putidissima-
2156 672 2330 722 inscitia
2352 683 2397 720 et
2416 682 2509 720 sto-

506 743 702 810 liditate
715 746 1017 822 coniunetnm3
1053 743 1200 805 itaque
1235 743 1367 790 deum
1404 744 1592 808 aliquem
1619 747 1704 792 has
1730 756 1844 792 artes
1871 750 1963 792 non
1989 744 2047 790 in
2065 743 2197 790 animi
2213 745 2305 790 vel
2332 741 2387 788 in
2407 757 2513 788 eor-

503 807 635 874 pen's'
658 809 863 871 gratiam,
901 810 987 856 nisi
1012 811 1131 858 forte
1158 811 1215 857 ad
1242 812 1513 859 subitaneam
1540 812 1731 874 aliquam
1758 812 2088 867 remissionem,
2118 811 2314 865 dedisse,
2343 808 2438 855 sed
2455 807 2513 853 ad

446 882 453 887 “
507 876 645 922 animi
679 877 930 935 facultates,
970 895 1084 942 quae
1121 894 1273 925 rernm
1306 878 1532 926 intellectu
1567 889 1613 926 et
1646 878 1808 940 agendi
1846 879 2030 926 fervore
2066 888 2300 944 cernantur
2328 875 2429 936 (ἐπὶ
2456 874 2515 922 τὸ·

502 946 748 1002 θυμοειδὲς
784 947 862 992 καὶ
896 947 948 993 τὸ
988 943 1272 1006 φιλόσοφον,
1288 960 1357 991 ’.ν
1393 948 1551 1006 ειιΡτὲ)
1579 947 1872 1000 excolendas,
1912 958 1959 991 ιιι
1985 949 2072 991 vel
2086 946 2277 991 intentae
2304 946 2412 989 illae
2432 945 2511 989 vel

502 1011 713 1060 remissae
756 1014 813 1060 ad
863 1019 1025 1072 justum
1069 1012 1253 1059 modum
1296 1024 1569 1058 revocentur
1612 1011 1766 1069 (ὅπως
1801 1031 1856 1057 αν
1893 1010 2122 1072 ἆλλῆλοιν”
2141 1014 2511 1073 ξυναρμοσθῆτον

504 1077 824 1145 ἐπιτεινομένω
852 1098 929 1127 και
958 1075 1176 1138 drasam
1199 1078 1332 1140 μέχρι
1358 1081 1442 1125 τοῦ
1469 1079 1817 1141 προςὴκοντος.)
1834 1079 1972 1126 Hanc·
1988 1097 2101 1126 vero
2123 1080 2337 1127 rationem
2357 1079 2508 1132 secuti,

503 1147 634 1210 copia
666 1147 797 1200 nobis
829 1147 946 1195 faeta
982 1163 1010 1194 a
1047 1145 1228 1195 summis
1263 1146 1399 1204 viris,
1436 1146 1514 1211 qui
1548 1149 1729 1195 scholae
1765 1158 1949 1194 nostrae
1971 1160 2202 1210 praesunt,
2240 1146 2510 1192 instaurandi

503 1215 826 1283 ordinandique
865 1214 1203 1262 exercitationes
1231 1215 1483 1276 gymnicas,
1518 1215 1567 1260 id
1595 1215 1776 1276 quidem
1803 1214 1998 1262 maxime
2027 1215 2244 1270 cavimus,
2274 1232 2331 1260 ne
2359 1213 2510 1259 litera-

500 1298 602 1328 rum
641 1283 796 1329 studiis
833 1284 968 1328 nimia
1005 1298 1108 1345 pars
1143 1282 1371 1344 temporis
1395 1281 1668 1344 eriperetur,
1704 1299 1819 1328 neve
1856 1292 2023 1329 temere
2059 1281 2234 1340 mix-tis,
2264 1280 2341 1344 qui
2370 1291 2511 1327 aetate

502 1361 547 1419 et
585 1346 756 1397 viribus
794 1350 986 1414 impares
1023 1361 1189 1405 essent,
1225 1345 1486 1395 insolentiae
1524 1360 1568 1395 et
1595 1349 1827 1396 rusticitati
1852 1349 2000 1411 aliqua
2025 1351 2218 1397 fenestra
2248 1349 2510 1412 aperiretur,

500 1429 730 1480 praeterea
765 1430 815 1463 ut
842 1419 1025 1463 custode
1051 1433 1297 1478 nunquam
1303 1428 1477 1462 remoto
1506 1416 1654 1463 omnia
1681 1418 1853 1463 ratione
1883 1428 1927 1462 et
1955 1417 2113 1463 ordine
2142 1427 2399 1478 agerentur,
2428 1416 2510 1461 sed

483 1484 833 1544 'circmpectis
872 1483 1138 1543 amotisque,
1178 1500 1292 1544 quae
1329 1483 1512 1528 officere
1540 1495 1742 1544 possent,
1772 1495 1816 1529 et
1843 1484 2099 1533 necessario
2125 1484 2513 1528 instrumentorum

501 1561 716 1628 apparatu
744 1549 909 1596 affatim
936 1547 1285 1605 subministrato,
1313 1550 1574 1612 praesertim
1599 1551 1742 1597 misso
1754 1552 1809 1596 ad
1828 1552 2070 1612 regendam
2098 1551 2213 1596 hanc
2238 1550 2514 1611 disciplinam

501 1616 605 1663 viro
635 1615 826 1678 impigro
855 1629 900 1664 et
927 1617 1154 1673 modesto,
1183 1618 1288 1663 artis
1315 1617 1604 1679 peritissimo,
1647 1636 1743 1664 rem
1772 1619 1985 1665 alaerit-er
2003 1635 2153 1664 sumus
2184 1617 2402 1678 aggressi,
2434 1634 2513 1662 cu-

501 1701 575 1754 jug
598 1699 764 1753 operae
792 1686 910 1732 hunc
936 1684 1128 1732 finctum
1155 1684 1354 1742 tulimus,
1382 1695 1432 1731 nt
1460 1685 1761 1733 adolescentes
1789 1685 1931 1733 nostri
1961 1685 2226 1747 corporibus
2258 1685 2513 1739 validiores,

501 1751 696 1814 gestibus
743 1748 1024 1815 mou'busque
1059 1752 1321 1808 habiliores,
1369 1754 1451 1799 sed
1485 1771 1632 1815 neque
1670 1754 1889 1801 tardiores
1929 1754 1987 1799 ad
2023 1753 2254 1799 severiora
2287 1753 2513 1798 literarum

500 1819 666 1875 studia,
703 1836 870 1881 neque
885 1820 1135 1883 asperiores
1172 1821 1375 1867 moribus
1395 1823 1473 1869 vel
1501 1823 1560 1866 ad
1588 1822 1850 1883 obsequium
1876 1821 2242 1867 intractabiliores
2272 1819 2507 1864 evaserint.

501 1886 717 1946 Quiubi,
754 1888 820 1934 uti
858 1899 1120 1949 coeperunt,
1161 1888 1173 1899 ’
1259 1888 1451 1933 andabili
1490 1890 1579 1935 hoc
1616 1905 1858 1949 corporum
1897 1889 2230 1948 animorumque
2270 1886 2509 1933 certamine

499 1955 806 2017 perrexerint,
834 1966 926 2001 tum
954 1965 1159 2001 ornatum
1183 1970 1198 1998 ι
1234 1959 1309 1999 ιιιιι
1323 1955 1442 2000 vitae
1460 1957 1690 2015 cultaeque
1706 1955 1987 1999 humanitatis
2015 1953 2351 2000 concinnitatem
2378 1971 2512 2014 prae-

501 2024 701 2077 stabunt,
731 2038 818 2083 qua
848 2021 1016 2084 Optimi
1033 2021 1236 2082 antiquae
1264 2020 1415 2067 aetatis
1443 2021 1642 2083 magistri
1668 2032 1716 2067 ut
1743 2020 2057 2077 jucundissimo
2094 2021 2347 2083 'spectaculo
2390 2022 2513 2067 dele-

505 2091 756 2145 ctabantur,
785 2087 953 2148 κόσμον
966 2088 1018 2150 *)
1047 2088 1150 2136 dico
1180 2099 1224 2134 et
1251 2085 1518 2146 εὐκοσμίαν,
1547 2085 1779 2144 εὐταξίαν,
1805 2087 2124 2149 σωφροσύνην..

616 2158 959 2218 Conqueruntur
994 2157 1114 2211 fere,
1153 2157 1430 2202 redeundum
1465 2156 1583 2202 enim
1619 2167 1686 2202 est
1722 2157 1779 2202 ad
1818 2156 2045 2203 literarum
2081 2157 2250 2212 studia,
2289 2174 2324 2202 a
2353 2157 2512 2218 quibus

476 2247 480 2250 ’
501 2243 573 2272 ars
602 2225 811 2288 gymnica
837 2224 1063 2287 paulisper
1089 2239 1171 2270 nos
1198 2234 1490 2279 avocaverat,
1518 2234 1745 2285 parentes,
1752 2224 1997 2286 .magistri‚
2006 2262 2010 2265 .
2038 2236 2082 2270 et
2110 2224 2372 2286 quicunque·
2399 2226 2513 2271 bene

501 2296 748 2340 consultum
786 2293 967 2354 eupiunt
993 2293 1167 2339 futurae
1195 2293 1349 2348 aetati,
1377 2291 1517 2337 nimis
1558 2291 1738 2338 onerari
1776 2303 1931 2339 nostro
1969 2304 2170 2355 tempore
2210 2293 2513 2340 adolescentes

499 2362 709 2439 ipsosque
746 2375 912 2420 pueros
940 2362 1074 2426 multa
1103 2360 1420 2422 multiplicique
1447 2377 1599 2405 rerum
1626 2359 1934 2405 discendarum
1961 2360 2208 2421 farragine,
2251 2360 2314 2414 ita
2341 2376 2513 2407 memo·

500 2429 612 2475 riam
647 2426 824 2488 augeri,
865 2444 1072 2506 exerceri
1106 2427 1504 2475 diversissimarum
1543 2445 1694 2474 rerum
1733 2428 1981 2483 scientiam,
2018 2427 2110 2472 sed
2135 2426 2325 2489 ingenia
2342 2439 2513 2475 mature

499 2495 669 2558 frangi,
712 2506 755 2541 et
797 2494 974 2541 tandem
984 2477 1071 2541 ⁴'ad
1107 2514 1264 2542 veram
1301 2490 1634 2557 intelligentiam
1671 2496 1912 2550 debilitari,
1959 2499 2094 2556 longe
2128 2497 2513 2556 praestabiliorem

498 2576 702 2613 veterum
739 2562 966 2610 hominum
1001 2563 1305 2610 conditionem
1334 2563 1493 2617 fuisse,
1532 2562 1670 2623 eique
1689 2562 1845 2608 deberi
1872 2563 2060 2609 illustria
2088 2563 2163 2608 illa
2194 2569 2407 2625 cujusque
2434 2580 2511 2610 so·-

499 2633 665 2680 lernae·
680 2643 980 2687 monumenta,
1010 2646 1123 2690 quae
1151 2631 1288 2678 hodie
1316 2630 1596 2675 admiramur.
1640 2629 1749 2676 Sunt
1777 2646 1882 2676 sane
1913 2630 1958 2676 in
1989 2647 2145 2683 eorum
2164 2643 2351 2692 numero
2372 2631 2511 2686 multi,

501 2702 579 2764 qui
593 2699 678 2762 ipsi
696 2699 922 2746 delicatius
951 2699 1127 2745 enutriti
1159 2716 1336 2746 omnem
1361 2701 1447 2743 vel·
1462 2697 1797 2743 saluberrimam
1824 2699 2104 2745 severitatem
2132 2711 2404 2754 aversantur,
2433 2702 2513 2745 vel

499 2785 614 2832 quae
630 2766 723 2829 ipsi
742 2765 1132 2823 non=didicerunt,
1160 2766 1258 2813 aliis
1286 2764 1513 2828 iinpertiri‘
1529 2766 1706 2821 nolunt,
1736 2767 1821 2811 vel
1841 2765 2105 2827 perfectiori-
2129 2766 2380 2812 animorum
2404 2766 2505 2813 vir·

544 2931 581 2975 ⁸¹)
605 2932 663 2966 130
683 2941 767 2966 voe.
792 2924 933 2975 κόσμος
953 2940 991 2965 v.
1017 2923 1332 2963 odorum-ener-
1355 2923 1401 2958 ad
1423 2923 1523 2958 Dor*
1535 2925 1579 2959 P.
1603 2924 1646 2960 lta
1671 2937 1710 2971 p.
1735 2922 1770 2960 6.
1798 2932 1832 2960 et
1857 2923 1925 2968 191,
1953 2932 1998 2959 et·
2010 2923 2140 2961 amad.
2165 2924 2319 2978 Wend:
2338 2925 2385 2963 ad
2408 2927 2513 2964 Ten-

594 3001 766 3025 nemun.
780 2986 863 3024 hist.
881 2986 1013 3035 philos.
1030 2986 1071 3022 P.
1089 2985 1115 3020 l.
1130 2998 1171 3033 p.
1189 2980 1272 3020 124.
1290 2991 1325 3019 et
1343 2979 1423 3020 143.
1443 2990 1478 3017 et
1493 2979 1574 3019 149.
1594 2982 1627 3017 A
1645 2982 1790 3016 Platone
1804 2979 1975 3021 ξύντιιξος
1991 2981 2065 3017 fere
2091 2983 2225 3017 dicitur
2246 2992 2281 3019 et
2303 2986 2513 3032 §upqusm
2588 2981 2592 2985 ·
