<?xml version="1.0" encoding="UTF-8"?>
<!DOCTYPE html PUBLIC "-//W3C//DTD XHTML 1.0 Transitional//EN"
    "http://www.w3.org/TR/xhtml1/DTD/xhtml1-transitional.dtd">
<html xmlns="http://www.w3.org/1999/xhtml" xml:lang="en" lang="en">
 <head>
  <title>
</title>
<meta http-equiv="Content-Type" content="text/html;charset=utf-8" />
  <meta name='ocr-system' content='tesseract 3.04.00' />
  <meta name='ocr-capabilities' content='ocr_page ocr_carea ocr_par ocr_line ocrx_word'/>
</head>
<body>
  <div class='ocr_page' id='page_1' title='image "4766188_0035.png"; bbox 0 0 3009 3684; ppageno 0'>
   <div class='ocr_carea' id='block_1_1' title="bbox 2484 542 2544 586">
    <p class='ocr_par' dir='ltr' id='par_1_1' title="bbox 2484 542 2544 586">
     <span class='ocr_line' id='line_1_1' title="bbox 2484 542 2544 586; baseline 0 0"><span class='ocrx_word' id='word_1_1' title='bbox 2484 542 2544 586; x_wconf 80' lang='lat'><strong>29</strong></span> 
     </span>
    </p>
   </div>
   <div class='ocr_carea' id='block_1_2' title="bbox 511 658 2551 3029">
    <p class='ocr_par' dir='ltr' id='par_1_2' title="bbox 511 658 2551 3029">
     <span class='ocr_line' id='line_1_2' title="bbox 527 658 2541 726; baseline 0 -17"><span class='ocrx_word' id='word_1_2' title='bbox 527 672 815 726; x_wconf 82' lang='lat' dir='ltr'><strong>conspectum</strong></span> <span class='ocrx_word' id='word_1_3' title='bbox 847 658 1080 721; x_wconf 80' lang='lat' dir='ltr'><strong>hominum</strong></span> <span class='ocrx_word' id='word_1_4' title='bbox 1119 658 1333 721; x_wconf 78' lang='lat' dir='ltr'><strong>progredi</strong></span> <span class='ocrx_word' id='word_1_5' title='bbox 1370 676 1472 707; x_wconf 88' lang='lat' dir='ltr'><strong>nec</strong></span> <span class='ocrx_word' id='word_1_6' title='bbox 1493 660 1577 706; x_wconf 77' lang='lat' dir='ltr'><strong>nisi</strong></span> <span class='ocrx_word' id='word_1_7' title='bbox 1612 660 1783 708; x_wconf 82' lang='lat' dir='ltr'><strong>secreta</strong></span> <span class='ocrx_word' id='word_1_8' title='bbox 1809 661 1997 724; x_wconf 81' lang='lat' dir='ltr'><strong>vestigia</strong></span> <span class='ocrx_word' id='word_1_9' title='bbox 2023 662 2098 708; x_wconf 71' lang='lat' dir='ltr'><strong>sui</strong></span> <span class='ocrx_word' id='word_1_10' title='bbox 2120 661 2237 708; x_wconf 83' lang='lat' dir='ltr'><strong>intra</strong></span> <span class='ocrx_word' id='word_1_11' title='bbox 2264 659 2541 724; x_wconf 84' lang='lat' dir='ltr'><strong>angustiores</strong></span> 
     </span>
     <span class='ocr_line' id='line_1_3' title="bbox 524 724 2541 801; baseline 0 -24"><span class='ocrx_word' id='word_1_12' title='bbox 524 730 729 793; x_wconf 67' lang='lat' dir='ltr'><strong>privatae</strong></span> <span class='ocrx_word' id='word_1_13' title='bbox 767 728 836 776; x_wconf 84' lang='lat' dir='ltr'><strong>rei</strong></span> <span class='ocrx_word' id='word_1_14' title='bbox 871 724 1086 775; x_wconf 84' lang='lat' dir='ltr'><strong>terminos</strong></span> <span class='ocrx_word' id='word_1_15' title='bbox 1119 727 1395 801; x_wconf 78' lang='lat' dir='ltr'><strong>relinquere,</strong></span> <span class='ocrx_word' id='word_1_16' title='bbox 1424 728 1555 775; x_wconf 84' lang='lat' dir='ltr'><strong>nullis</strong></span> <span class='ocrx_word' id='word_1_17' title='bbox 1584 729 1788 792; x_wconf 88' lang='lat' dir='ltr'><strong>publicae</strong></span> <span class='ocrx_word' id='word_1_18' title='bbox 1815 731 1958 777; x_wconf 85' lang='lat' dir='ltr'><strong>laudis</strong></span> <span class='ocrx_word' id='word_1_19' title='bbox 1987 729 2282 778; x_wconf 74' lang='lat' dir='ltr'><strong>monumentis</strong></span> <span class='ocrx_word' id='word_1_20' title='bbox 2310 730 2541 787; x_wconf 69' lang='lat' dir='ltr'><strong>illustrata,</strong></span> 
     </span>
     <span class='ocr_line' id='line_1_4' title="bbox 527 796 2545 866; baseline 0.001 -22"><span class='ocrx_word' id='word_1_21' title='bbox 527 798 720 858; x_wconf 85' lang='lat' dir='ltr'><strong>denique</strong></span> <span class='ocrx_word' id='word_1_22' title='bbox 734 832 745 852; x_wconf 93' lang='lat'><strong>,</strong></span> <span class='ocrx_word' id='word_1_23' title='bbox 787 798 938 859; x_wconf 85' lang='lat' dir='ltr'><strong>quales</strong></span> <span class='ocrx_word' id='word_1_24' title='bbox 975 796 1097 844; x_wconf 75' lang='lat' dir='ltr'><strong>cives</strong></span> <span class='ocrx_word' id='word_1_25' title='bbox 1119 797 1303 866; x_wconf 87' lang='lat' dir='ltr'><strong>probos</strong></span> <span class='ocrx_word' id='word_1_26' title='bbox 1342 798 1644 860; x_wconf 86' lang='lat' dir='ltr'><strong>honestosque</strong></span> <span class='ocrx_word' id='word_1_27' title='bbox 1672 810 1717 844; x_wconf 91' lang='lat' dir='ltr'><strong>et</strong></span> <span class='ocrx_word' id='word_1_28' title='bbox 1745 799 1802 844; x_wconf 89' lang='lat' dir='ltr'><strong>ad</strong></span> <span class='ocrx_word' id='word_1_29' title='bbox 1829 799 1995 859; x_wconf 88' lang='lat' dir='ltr'><strong>optima</strong></span> <span class='ocrx_word' id='word_1_30' title='bbox 2026 816 2227 860; x_wconf 89' lang='lat' dir='ltr'><strong>quaeque</strong></span> <span class='ocrx_word' id='word_1_31' title='bbox 2256 800 2474 846; x_wconf 76' lang='lat' dir='ltr'><strong>discenda</strong></span> <span class='ocrx_word' id='word_1_32' title='bbox 2497 813 2545 847; x_wconf 74' lang='lat' dir='ltr'><strong>et</strong></span> 
     </span>
     <span class='ocr_line' id='line_1_5' title="bbox 528 862 2542 937; baseline 0.002 -27"><span class='ocrx_word' id='word_1_33' title='bbox 528 865 732 921; x_wconf 81' lang='lat' dir='ltr'><strong>facienda</strong></span> <span class='ocrx_word' id='word_1_34' title='bbox 768 877 968 928; x_wconf 81' lang='lat' dir='ltr'><strong>promtos</strong></span> <span class='ocrx_word' id='word_1_35' title='bbox 1003 864 1127 928; x_wconf 86' lang='lat' dir='ltr'><strong>ipsae</strong></span> <span class='ocrx_word' id='word_1_36' title='bbox 1165 864 1464 927; x_wconf 69' lang='lat' dir='ltr'><strong>praefationes</strong></span> <span class='ocrx_word' id='word_1_37' title='bbox 1499 882 1755 912; x_wconf 77' lang='lat' dir='ltr'><strong>sermonum</strong></span> <span class='ocrx_word' id='word_1_38' title='bbox 1790 862 2122 937; x_wconf 68' lang='lat' dir='ltr'><strong>Platonicorum</strong></span> <span class='ocrx_word' id='word_1_39' title='bbox 2159 867 2412 914; x_wconf 85' lang='lat' dir='ltr'><strong>describunt</strong></span> <span class='ocrx_word' id='word_1_40' title='bbox 2420 900 2440 925; x_wconf 89' lang='lat'><strong>,</strong></span> <span class='ocrx_word' id='word_1_41' title='bbox 2479 880 2542 924; x_wconf 85' lang='lat' dir='ltr'><strong>et,</strong></span> 
     </span>
     <span class='ocr_line' id='line_1_6' title="bbox 523 931 2541 998; baseline 0.002 -20"><span class='ocrx_word' id='word_1_42' title='bbox 523 932 593 979; x_wconf 89' lang='lat' dir='ltr'><strong>id</strong></span> <span class='ocrx_word' id='word_1_43' title='bbox 610 933 732 994; x_wconf 87' lang='lat' dir='ltr'><strong>quod</strong></span> <span class='ocrx_word' id='word_1_44' title='bbox 768 932 1008 979; x_wconf 88' lang='lat' dir='ltr'><strong>maximum</strong></span> <span class='ocrx_word' id='word_1_45' title='bbox 1045 944 1134 988; x_wconf 85' lang='lat' dir='ltr'><strong>est,</strong></span> <span class='ocrx_word' id='word_1_46' title='bbox 1170 932 1570 995; x_wconf 84' lang='lat' dir='ltr'><strong>praestantissimos</strong></span> <span class='ocrx_word' id='word_1_47' title='bbox 1606 931 1709 978; x_wconf 83' lang='lat' dir='ltr'><strong>illos</strong></span> <span class='ocrx_word' id='word_1_48' title='bbox 1737 933 1885 986; x_wconf 81' lang='lat' dir='ltr'><strong>viros,</strong></span> <span class='ocrx_word' id='word_1_49' title='bbox 1924 931 2115 994; x_wconf 86' lang='lat' dir='ltr'><strong>quorum</strong></span> <span class='ocrx_word' id='word_1_50' title='bbox 2143 933 2259 978; x_wconf 80' lang='lat' dir='ltr'><strong>facta</strong></span> <span class='ocrx_word' id='word_1_51' title='bbox 2287 936 2541 998; x_wconf 74' lang='lat' dir='ltr'><strong>scriptaque</strong></span> 
     </span>
     <span class='ocr_line' id='line_1_7' title="bbox 523 998 2538 1073; baseline 0.002 -26"><span class='ocrx_word' id='word_1_52' title='bbox 523 1001 663 1073; x_wconf 77' lang='lat' dir='ltr'><strong>hodie</strong></span> <span class='ocrx_word' id='word_1_53' title='bbox 703 1002 991 1057; x_wconf 84' lang='lat' dir='ltr'><strong>admiramur,</strong></span> <span class='ocrx_word' id='word_1_54' title='bbox 1027 1000 1205 1063; x_wconf 82' lang='lat' dir='ltr'><strong>penitus</strong></span> <span class='ocrx_word' id='word_1_55' title='bbox 1239 1010 1450 1062; x_wconf 81' lang='lat' dir='ltr'><strong>corrupta</strong></span> <span class='ocrx_word' id='word_1_56' title='bbox 1486 998 1709 1046; x_wconf 88' lang='lat' dir='ltr'><strong>societate</strong></span> <span class='ocrx_word' id='word_1_57' title='bbox 1733 999 1918 1061; x_wconf 87' lang='lat' dir='ltr'><strong>prodire</strong></span> <span class='ocrx_word' id='word_1_58' title='bbox 1945 1017 2039 1047; x_wconf 90' lang='lat' dir='ltr'><strong>non</strong></span> <span class='ocrx_word' id='word_1_59' title='bbox 2066 1001 2288 1063; x_wconf 83' lang='lat' dir='ltr'><strong>potuisse,</strong></span> <span class='ocrx_word' id='word_1_60' title='bbox 2331 1015 2377 1049; x_wconf 88' lang='lat' dir='ltr'><strong>ut</strong></span> <span class='ocrx_word' id='word_1_61' title='bbox 2406 1005 2538 1060; x_wconf 84' lang='lat' dir='ltr'><strong>adeo,</strong></span> 
     </span>
     <span class='ocr_line' id='line_1_8' title="bbox 525 1064 2540 1133; baseline 0.002 -19"><span class='ocrx_word' id='word_1_62' title='bbox 525 1064 602 1133; x_wconf 84' lang='lat' dir='ltr'><strong>qui</strong></span> <span class='ocrx_word' id='word_1_63' title='bbox 637 1071 834 1117; x_wconf 85' lang='lat' dir='ltr'><strong>moribus</strong></span> <span class='ocrx_word' id='word_1_64' title='bbox 873 1080 917 1115; x_wconf 90' lang='lat' dir='ltr'><strong>et</strong></span> <span class='ocrx_word' id='word_1_65' title='bbox 956 1069 1216 1130; x_wconf 82' lang='lat' dir='ltr'><strong>disciplinae</strong></span> <span class='ocrx_word' id='word_1_66' title='bbox 1250 1067 1455 1114; x_wconf 87' lang='lat' dir='ltr'><strong>institutis</strong></span> <span class='ocrx_word' id='word_1_67' title='bbox 1490 1067 1577 1112; x_wconf 89' lang='lat' dir='ltr'><strong>illis</strong></span> <span class='ocrx_word' id='word_1_68' title='bbox 1615 1067 1927 1128; x_wconf 85' lang='lat' dir='ltr'><strong>providerant,</strong></span> <span class='ocrx_word' id='word_1_69' title='bbox 1963 1084 2056 1114; x_wconf 89' lang='lat' dir='ltr'><strong>non</strong></span> <span class='ocrx_word' id='word_1_70' title='bbox 2093 1069 2255 1114; x_wconf 82' lang='lat' dir='ltr'><strong>frustra</strong></span> <span class='ocrx_word' id='word_1_71' title='bbox 2286 1072 2540 1118; x_wconf 71' lang='lat' dir='ltr'><strong>elaborasse</strong></span> 
     </span>
     <span class='ocr_line' id='line_1_9' title="bbox 521 1134 2536 1197; baseline 0.001 -15"><span class='ocrx_word' id='word_1_72' title='bbox 521 1136 770 1196; x_wconf 82' lang='lat' dir='ltr'><strong>videantur.</strong></span> <span class='ocrx_word' id='word_1_73' title='bbox 828 1137 919 1183; x_wconf 88' lang='lat' dir='ltr'><strong>Sed</strong></span> <span class='ocrx_word' id='word_1_74' title='bbox 946 1136 1139 1181; x_wconf 82' lang='lat' dir='ltr'><strong>illustres</strong></span> <span class='ocrx_word' id='word_1_75' title='bbox 1166 1135 1259 1181; x_wconf 88' lang='lat' dir='ltr'><strong>illi</strong></span> <span class='ocrx_word' id='word_1_76' title='bbox 1261 1135 1371 1190; x_wconf 74' lang='lat' dir='ltr'><strong>viri,</strong></span> <span class='ocrx_word' id='word_1_77' title='bbox 1402 1151 1592 1197; x_wconf 89' lang='lat' dir='ltr'><strong>quorum</strong></span> <span class='ocrx_word' id='word_1_78' title='bbox 1620 1134 1867 1196; x_wconf 87' lang='lat' dir='ltr'><strong>principem</strong></span> <span class='ocrx_word' id='word_1_79' title='bbox 1895 1135 2126 1181; x_wconf 85' lang='lat' dir='ltr'><strong>Platonem</strong></span> <span class='ocrx_word' id='word_1_80' title='bbox 2149 1137 2357 1193; x_wconf 83' lang='lat' dir='ltr'><strong>dicimus,</strong></span> <span class='ocrx_word' id='word_1_81' title='bbox 2387 1156 2536 1185; x_wconf 86' lang='lat' dir='ltr'><strong>nonne</strong></span> 
     </span>
     <span class='ocr_line' id='line_1_10' title="bbox 520 1174 2537 1264; baseline 0.001 -13"><span class='ocrx_word' id='word_1_82' title='bbox 520 1191 790 1253; x_wconf 82' lang='lat' dir='ltr'><strong>immortales</strong></span> <span class='ocrx_word' id='word_1_83' title='bbox 819 1203 1127 1252; x_wconf 80' lang='lat' dir='ltr'><strong>honestissimi</strong></span> <span class='ocrx_word' id='word_1_84' title='bbox 1141 1203 1307 1252; x_wconf 89' lang='lat' dir='ltr'><strong>laboris</strong></span> <span class='ocrx_word' id='word_1_85' title='bbox 1336 1203 1506 1251; x_wconf 87' lang='lat' dir='ltr'><strong>fructus</strong></span> <span class='ocrx_word' id='word_1_86' title='bbox 1540 1214 1832 1264; x_wconf 85' lang='lat' dir='ltr'><strong>pepererunt.</strong></span> <span class='ocrx_word' id='word_1_87' title='bbox 1822 1204 1844 1236; x_wconf 70' lang='lat'><strong>²²</strong></span> <span class='ocrx_word' id='word_1_88' title='bbox 1903 1204 2025 1262; x_wconf 87' lang='lat' dir='ltr'><strong>Quid</strong></span> <span class='ocrx_word' id='word_1_89' title='bbox 2054 1204 2199 1251; x_wconf 89' lang='lat' dir='ltr'><strong>enim.</strong></span> <span class='ocrx_word' id='word_1_90' title='bbox 2189 1206 2209 1237; x_wconf 70' lang='grc' dir='ltr'><strong><em>Ρ</em></strong></span> <span class='ocrx_word' id='word_1_91' title='bbox 2268 1174 2443 1254; x_wconf 83' lang='lat' dir='ltr'><strong>Scliolis</strong></span> <span class='ocrx_word' id='word_1_92' title='bbox 2465 1207 2537 1253; x_wconf 89' lang='lat' dir='ltr'><strong>illi</strong></span> 
     </span>
     <span class='ocr_line' id='line_1_11' title="bbox 520 1263 2536 1335; baseline 0.001 -17"><span class='ocrx_word' id='word_1_93' title='bbox 520 1263 709 1318; x_wconf 84' lang='lat' dir='ltr'><strong>conditis</strong></span> <span class='ocrx_word' id='word_1_94' title='bbox 744 1271 950 1318; x_wconf 87' lang='lat' dir='ltr'><strong>meliores</strong></span> <span class='ocrx_word' id='word_1_95' title='bbox 989 1270 1110 1317; x_wconf 86' lang='lat' dir='ltr'><strong>cives</strong></span> <span class='ocrx_word' id='word_1_96' title='bbox 1146 1283 1191 1318; x_wconf 86' lang='lat' dir='ltr'><strong>et</strong></span> <span class='ocrx_word' id='word_1_97' title='bbox 1228 1270 1306 1335; x_wconf 87' lang='lat' dir='ltr'><strong>qui</strong></span> <span class='ocrx_word' id='word_1_98' title='bbox 1340 1289 1402 1317; x_wconf 83' lang='lat' dir='ltr'><strong>ex</strong></span> <span class='ocrx_word' id='word_1_99' title='bbox 1429 1270 1638 1317; x_wconf 83' lang='lat' dir='ltr'><strong>universa</strong></span> <span class='ocrx_word' id='word_1_100' title='bbox 1667 1270 1857 1318; x_wconf 84' lang='lat' dir='ltr'><strong>Graecia</strong></span> <span class='ocrx_word' id='word_1_101' title='bbox 1886 1272 1943 1316; x_wconf 89' lang='lat' dir='ltr'><strong>ad</strong></span> <span class='ocrx_word' id='word_1_102' title='bbox 1973 1289 2052 1319; x_wconf 85' lang='lat' dir='ltr'><strong>eos</strong></span> <span class='ocrx_word' id='word_1_103' title='bbox 2083 1274 2408 1330; x_wconf 89' lang='lat' dir='ltr'><strong>commeabant,</strong></span> <span class='ocrx_word' id='word_1_104' title='bbox 2434 1286 2536 1321; x_wconf 89' lang='lat' dir='ltr'><strong>tan-</strong></span> 
     </span>
     <span class='ocr_line' id='line_1_12' title="bbox 520 1338 2533 1406; baseline 0.002 -21"><span class='ocrx_word' id='word_1_105' title='bbox 520 1341 655 1402; x_wconf 72' lang='lat' dir='ltr'><strong>quam&#39;</strong></span> <span class='ocrx_word' id='word_1_106' title='bbox 692 1356 753 1385; x_wconf 89' lang='lat' dir='ltr'><strong>ex</strong></span> <span class='ocrx_word' id='word_1_107' title='bbox 787 1340 983 1386; x_wconf 88' lang='lat' dir='ltr'><strong>irruente</strong></span> <span class='ocrx_word' id='word_1_108' title='bbox 1018 1339 1230 1385; x_wconf 89' lang='lat' dir='ltr'><strong>fluctuum</strong></span> <span class='ocrx_word' id='word_1_109' title='bbox 1273 1338 1559 1384; x_wconf 88' lang='lat' dir='ltr'><strong>inundatione</strong></span> <span class='ocrx_word' id='word_1_110' title='bbox 1607 1349 1807 1386; x_wconf 81' lang='lat' dir='ltr'><strong>servatos</strong></span> <span class='ocrx_word' id='word_1_111' title='bbox 1858 1340 1916 1384; x_wconf 87' lang='lat' dir='ltr'><strong>ad</strong></span> <span class='ocrx_word' id='word_1_112' title='bbox 1951 1341 2220 1387; x_wconf 84' lang='lat' dir='ltr'><strong>nobiliorem</strong></span> <span class='ocrx_word' id='word_1_113' title='bbox 2257 1342 2533 1406; x_wconf 74' lang='lat' dir='ltr'><strong>sapientiam,</strong></span> 
     </span>
     <span class='ocr_line' id='line_1_13' title="bbox 519 1405 2534 1487; baseline 0.001 -33"><span class='ocrx_word' id='word_1_114' title='bbox 519 1425 652 1487; x_wconf 77' lang='lat' dir='ltr'><strong>quam</strong></span> <span class='ocrx_word' id='word_1_115' title='bbox 687 1426 801 1470; x_wconf 88' lang='lat' dir='ltr'><strong>quae</strong></span> <span class='ocrx_word' id='word_1_116' title='bbox 836 1408 884 1454; x_wconf 87' lang='lat' dir='ltr'><strong>in</strong></span> <span class='ocrx_word' id='word_1_117' title='bbox 920 1406 1150 1454; x_wconf 87' lang='lat' dir='ltr'><strong>auditoriis</strong></span> <span class='ocrx_word' id='word_1_118' title='bbox 1176 1408 1295 1454; x_wconf 84' lang='lat' dir='ltr'><strong>vel’</strong></span> <span class='ocrx_word' id='word_1_119' title='bbox 1280 1424 1328 1452; x_wconf 90' lang='grc' dir='ltr'><strong>ιιι</strong></span> <span class='ocrx_word' id='word_1_120' title='bbox 1355 1407 1460 1453; x_wconf 75' lang='lat' dir='ltr'><strong>soro</strong></span> <span class='ocrx_word' id='word_1_121' title='bbox 1490 1405 1799 1461; x_wconf 82' lang='lat' dir='ltr'><strong>exaudiretur,</strong></span> <span class='ocrx_word' id='word_1_122' title='bbox 1829 1407 2112 1455; x_wconf 84' lang='lat' dir='ltr'><strong>deduxerunt</strong></span> <span class='ocrx_word' id='word_1_123' title='bbox 2141 1427 2309 1472; x_wconf 85' lang='lat' dir='ltr'><strong>eosque</strong></span> <span class='ocrx_word' id='word_1_124' title='bbox 2335 1411 2383 1456; x_wconf 89' lang='lat' dir='ltr'><strong>in</strong></span> <span class='ocrx_word' id='word_1_125' title='bbox 2405 1428 2534 1458; x_wconf 84' lang='lat' dir='ltr'><strong>com-</strong></span> 
     </span>
     <span class='ocr_line' id='line_1_14' title="bbox 518 1474 2532 1541; baseline 0.002 -21"><span class='ocrx_word' id='word_1_126' title='bbox 518 1477 640 1521; x_wconf 87' lang='lat' dir='ltr'><strong>muni</strong></span> <span class='ocrx_word' id='word_1_127' title='bbox 668 1489 820 1520; x_wconf 85' lang='lat' dir='ltr'><strong>rerum</strong></span> <span class='ocrx_word' id='word_1_128' title='bbox 841 1474 1157 1536; x_wconf 74' lang='lat' dir='ltr'><strong>desperatione</strong></span> <span class='ocrx_word' id='word_1_129' title='bbox 1185 1475 1326 1520; x_wconf 80' lang='lat' dir='ltr'><strong>fortes</strong></span> <span class='ocrx_word' id='word_1_130' title='bbox 1354 1486 1400 1519; x_wconf 89' lang='lat' dir='ltr'><strong>et</strong></span> <span class='ocrx_word' id='word_1_131' title='bbox 1428 1479 1637 1534; x_wconf 82' lang='lat' dir='ltr'><strong>cujusque</strong></span> <span class='ocrx_word' id='word_1_132' title='bbox 1675 1474 1941 1529; x_wconf 76' lang='lat' dir='ltr'><strong>discriminis</strong></span> <span class='ocrx_word' id='word_1_133' title='bbox 1979 1478 2195 1541; x_wconf 85' lang='lat' dir='ltr'><strong>patientes</strong></span> <span class='ocrx_word' id='word_1_134' title='bbox 2231 1480 2532 1534; x_wconf 81' lang='lat' dir='ltr'><strong>reddiderunt,</strong></span> 
     </span>
     <span class='ocr_line' id='line_1_15' title="bbox 518 1541 2534 1606; baseline 0 -17"><span class='ocrx_word' id='word_1_135' title='bbox 518 1556 635 1598; x_wconf 90' lang='lat' dir='ltr'><strong>tum,</strong></span> <span class='ocrx_word' id='word_1_136' title='bbox 675 1544 820 1588; x_wconf 89' lang='lat' dir='ltr'><strong>delata</strong></span> <span class='ocrx_word' id='word_1_137' title='bbox 859 1543 917 1587; x_wconf 90' lang='lat' dir='ltr'><strong>ad</strong></span> <span class='ocrx_word' id='word_1_138' title='bbox 943 1543 1158 1606; x_wconf 86' lang='lat' dir='ltr'><strong>barbaros</strong></span> <span class='ocrx_word' id='word_1_139' title='bbox 1185 1543 1382 1589; x_wconf 79' lang='lat' dir='ltr'><strong>victores</strong></span> <span class='ocrx_word' id='word_1_140' title='bbox 1409 1541 1589 1586; x_wconf 83' lang='lat' dir='ltr'><strong>salutari</strong></span> <span class='ocrx_word' id='word_1_141' title='bbox 1616 1542 1909 1597; x_wconf 85' lang='lat' dir='ltr'><strong>institutione,</strong></span> <span class='ocrx_word' id='word_1_142' title='bbox 1940 1562 2081 1605; x_wconf 72' lang='lat' dir='ltr'><strong>usque</strong></span> <span class='ocrx_word' id='word_1_143' title='bbox 2109 1545 2238 1590; x_wconf 83' lang='lat' dir='ltr'><strong>latius</strong></span> <span class='ocrx_word' id='word_1_144' title='bbox 2268 1546 2534 1591; x_wconf 73' lang='lat' dir='ltr'><strong>dominanti·</strong></span> 
     </span>
     <span class='ocr_line' id='line_1_16' title="bbox 517 1609 2534 1672; baseline 0.001 -16"><span class='ocrx_word' id='word_1_145' title='bbox 517 1613 601 1657; x_wconf 89' lang='lat' dir='ltr'><strong>bus</strong></span> <span class='ocrx_word' id='word_1_146' title='bbox 636 1612 798 1663; x_wconf 82' lang='lat' dir='ltr'><strong>horum</strong></span> <span class='ocrx_word' id='word_1_147' title='bbox 834 1609 988 1666; x_wconf 89' lang='lat' dir='ltr'><strong>armis,</strong></span> <span class='ocrx_word' id='word_1_148' title='bbox 1033 1626 1147 1671; x_wconf 89' lang='lat' dir='ltr'><strong>quae</strong></span> <span class='ocrx_word' id='word_1_149' title='bbox 1166 1611 1337 1672; x_wconf 71' lang='lat' dir='ltr'><strong>paucis</strong></span> <span class='ocrx_word' id='word_1_150' title='bbox 1375 1614 1698 1672; x_wconf 87' lang='lat' dir='ltr'><strong>exposuerant,</strong></span> <span class='ocrx_word' id='word_1_151' title='bbox 1746 1621 1955 1672; x_wconf 86' lang='lat' dir='ltr'><strong>tanquam</strong></span> <span class='ocrx_word' id='word_1_152' title='bbox 1990 1611 2170 1658; x_wconf 89' lang='lat' dir='ltr'><strong>illorum</strong></span> <span class='ocrx_word' id='word_1_153' title='bbox 2206 1614 2451 1659; x_wconf 84' lang='lat' dir='ltr'><strong>hereditate</strong></span> <span class='ocrx_word' id='word_1_154' title='bbox 2488 1614 2534 1659; x_wconf 86' lang='lat' dir='ltr'><strong>in</strong></span> 
     </span>
     <span class='ocr_line' id='line_1_17' title="bbox 517 1678 2535 1738; baseline 0 -13"><span class='ocrx_word' id='word_1_155' title='bbox 517 1683 659 1725; x_wconf 82' lang='lat' dir='ltr'><strong>totu‘m</strong></span> <span class='ocrx_word' id='word_1_156' title='bbox 689 1679 846 1723; x_wconf 86' lang='lat' dir='ltr'><strong>orbem</strong></span> <span class='ocrx_word' id='word_1_157' title='bbox 873 1691 1090 1738; x_wconf 83' lang='lat' dir='ltr'><strong>terrarum</strong></span> <span class='ocrx_word' id='word_1_158' title='bbox 1118 1682 1450 1736; x_wconf 84' lang='lat' dir='ltr'><strong>transtulerunt,</strong></span> <span class='ocrx_word' id='word_1_159' title='bbox 1480 1690 1524 1722; x_wconf 91' lang='lat' dir='ltr'><strong>et</strong></span> <span class='ocrx_word' id='word_1_160' title='bbox 1551 1678 1801 1737; x_wconf 87' lang='lat' dir='ltr'><strong>perdomita</strong></span> <span class='ocrx_word' id='word_1_161' title='bbox 1828 1680 2006 1738; x_wconf 82' lang='lat' dir='ltr'><strong>optimis</strong></span> <span class='ocrx_word' id='word_1_162' title='bbox 2036 1680 2201 1724; x_wconf 83' lang='lat' dir='ltr'><strong>artibus</strong></span> <span class='ocrx_word' id='word_1_163' title='bbox 2239 1683 2535 1726; x_wconf 87' lang='lat' dir='ltr'><strong>Macedonum</strong></span> 
     </span>
     <span class='ocr_line' id='line_1_18' title="bbox 516 1732 2532 1808; baseline 0.001 -17"><span class='ocrx_word' id='word_1_164' title='bbox 516 1745 662 1808; x_wconf 90' lang='lat' dir='ltr'><strong>prius,</strong></span> <span class='ocrx_word' id='word_1_165' title='bbox 690 1757 845 1804; x_wconf 86' lang='lat' dir='ltr'><strong>postea</strong></span> <span class='ocrx_word' id='word_1_166' title='bbox 872 1734 1176 1792; x_wconf 87' lang='lat' dir='ltr'><strong>Romanorum</strong></span> <span class='ocrx_word' id='word_1_167' title='bbox 1203 1732 1395 1808; x_wconf 82' lang='lat' dir='ltr'><strong>ferocia,</strong></span> <span class='ocrx_word' id='word_1_168' title='bbox 1425 1762 1595 1792; x_wconf 75' lang='lat' dir='ltr'><strong>novum</strong></span> <span class='ocrx_word' id='word_1_169' title='bbox 1623 1744 1885 1791; x_wconf 85' lang='lat' dir='ltr'><strong>eruditionis</strong></span> <span class='ocrx_word' id='word_1_170' title='bbox 1913 1763 2116 1807; x_wconf 89' lang='lat' dir='ltr'><strong>campum</strong></span> <span class='ocrx_word' id='word_1_171' title='bbox 2143 1765 2228 1808; x_wconf 84' lang='lat' dir='ltr'><strong>per</strong></span> <span class='ocrx_word' id='word_1_172' title='bbox 2269 1748 2532 1808; x_wconf 86' lang='lat' dir='ltr'><strong>longinquas</strong></span> 
     </span>
     <span class='ocr_line' id='line_1_19' title="bbox 515 1811 2531 1877; baseline 0.001 -16"><span class='ocrx_word' id='word_1_173' title='bbox 515 1816 670 1877; x_wconf 79' lang='lat' dir='ltr'><strong>plagas</strong></span> <span class='ocrx_word' id='word_1_174' title='bbox 705 1811 1030 1875; x_wconf 82' lang='lat' dir='ltr'><strong>patefecerunt,</strong></span> <span class='ocrx_word' id='word_1_175' title='bbox 1069 1813 1126 1860; x_wconf 87' lang='lat' dir='ltr'><strong>ad</strong></span> <span class='ocrx_word' id='word_1_176' title='bbox 1164 1831 1295 1875; x_wconf 89' lang='lat' dir='ltr'><strong>quem</strong></span> <span class='ocrx_word' id='word_1_177' title='bbox 1332 1812 1501 1874; x_wconf 83' lang='lat' dir='ltr'><strong>duplici</strong></span> <span class='ocrx_word' id='word_1_178' title='bbox 1541 1816 1627 1868; x_wconf 84' lang='lat' dir='ltr'><strong>jam</strong></span> <span class='ocrx_word' id='word_1_179' title='bbox 1656 1811 1752 1868; x_wconf 87' lang='lat' dir='ltr'><strong>via,</strong></span> <span class='ocrx_word' id='word_1_180' title='bbox 1780 1823 1981 1874; x_wconf 47' lang='lat' dir='ltr'><strong>‚utroque</strong></span> <span class='ocrx_word' id='word_1_181' title='bbox 2009 1830 2235 1869; x_wconf 85' lang='lat' dir='ltr'><strong>sermone,</strong></span> <span class='ocrx_word' id='word_1_182' title='bbox 2277 1814 2456 1863; x_wconf 86' lang='lat' dir='ltr'><strong>Graeco</strong></span> <span class='ocrx_word' id='word_1_183' title='bbox 2485 1828 2531 1863; x_wconf 91' lang='lat' dir='ltr'><strong>et</strong></span> 
     </span>
     <span class='ocr_line' id='line_1_20' title="bbox 515 1879 2526 1957; baseline 0.001 -27"><span class='ocrx_word' id='word_1_184' title='bbox 515 1882 698 1939; x_wconf 90' lang='lat' dir='ltr'><strong>Latino,</strong></span> <span class='ocrx_word' id='word_1_185' title='bbox 735 1882 850 1928; x_wconf 88' lang='lat' dir='ltr'><strong>bene</strong></span> <span class='ocrx_word' id='word_1_186' title='bbox 886 1881 1090 1944; x_wconf 87' lang='lat' dir='ltr'><strong>cognito,</strong></span> <span class='ocrx_word' id='word_1_187' title='bbox 1136 1880 1444 1930; x_wconf 85' lang='lat' dir='ltr'><strong>diversissimis</strong></span> <span class='ocrx_word' id='word_1_188' title='bbox 1479 1879 1659 1943; x_wconf 85' lang='lat' dir='ltr'><strong>populis</strong></span> <span class='ocrx_word' id='word_1_189' title='bbox 1695 1881 1884 1936; x_wconf 86' lang='lat' dir='ltr'><strong>jucunda</strong></span> <span class='ocrx_word' id='word_1_190' title='bbox 1919 1881 2219 1957; x_wconf 80' lang='lat' dir='ltr'><strong>peregrinatio</strong></span> <span class='ocrx_word' id='word_1_191' title='bbox 2257 1894 2409 1944; x_wconf 85' lang='lat' dir='ltr'><strong>aperta</strong></span> <span class='ocrx_word' id='word_1_192' title='bbox 2448 1895 2526 1931; x_wconf 91' lang='lat' dir='ltr'><strong>est.</strong></span> 
     </span>
     <span class='ocr_line' id='line_1_21' title="bbox 515 1947 2527 2008; baseline 0 -11"><span class='ocrx_word' id='word_1_193' title='bbox 515 1952 675 1997; x_wconf 86' lang='lat' dir='ltr'><strong>Nonne</strong></span> <span class='ocrx_word' id='word_1_194' title='bbox 704 1949 821 1994; x_wconf 86' lang='lat' dir='ltr'><strong>enim</strong></span> <span class='ocrx_word' id='word_1_195' title='bbox 849 1950 986 1995; x_wconf 88' lang='lat' dir='ltr'><strong>hodie</strong></span> <span class='ocrx_word' id='word_1_196' title='bbox 1014 1949 1080 1993; x_wconf 88' lang='lat' dir='ltr'><strong>illi</strong></span> <span class='ocrx_word' id='word_1_197' title='bbox 1107 1949 1291 2004; x_wconf 82' lang='lat' dir='ltr'><strong>vivunt,</strong></span> <span class='ocrx_word' id='word_1_198' title='bbox 1319 1963 1467 1994; x_wconf 90' lang='lat' dir='ltr'><strong>nonne</strong></span> <span class='ocrx_word' id='word_1_199' title='bbox 1490 1947 1666 2008; x_wconf 84' lang='lat' dir='ltr'><strong>scriptis</strong></span> <span class='ocrx_word' id='word_1_200' title='bbox 1696 1948 1890 2004; x_wconf 85' lang='lat' dir='ltr'><strong>excitant</strong></span> <span class='ocrx_word' id='word_1_201' title='bbox 1917 1948 2093 2008; x_wconf 87' lang='lat' dir='ltr'><strong>ingenia</strong></span> <span class='ocrx_word' id='word_1_202' title='bbox 2121 1960 2273 1994; x_wconf 80' lang='lat' dir='ltr'><strong>nostra</strong></span> <span class='ocrx_word' id='word_1_203' title='bbox 2302 1960 2345 1996; x_wconf 90' lang='lat' dir='ltr'><strong>et</strong></span> <span class='ocrx_word' id='word_1_204' title='bbox 2371 1951 2527 1997; x_wconf 85' lang='lat' dir='ltr'><strong>incen-</strong></span> 
     </span>
     <span class='ocr_line' id='line_1_22' title="bbox 516 2014 2528 2080; baseline 0 -17"><span class='ocrx_word' id='word_1_205' title='bbox 516 2019 625 2064; x_wconf 90' lang='lat' dir='ltr'><strong>dunt</strong></span> <span class='ocrx_word' id='word_1_206' title='bbox 655 2016 824 2062; x_wconf 88' lang='lat' dir='ltr'><strong>animos</strong></span> <span class='ocrx_word' id='word_1_207' title='bbox 853 2026 898 2062; x_wconf 88' lang='lat' dir='ltr'><strong>et</strong></span> <span class='ocrx_word' id='word_1_208' title='bbox 925 2015 1216 2062; x_wconf 70' lang='lat' dir='ltr'><strong>aamiratione</strong></span> <span class='ocrx_word' id='word_1_209' title='bbox 1246 2015 1421 2062; x_wconf 85' lang='lat' dir='ltr'><strong>virtutis</strong></span> <span class='ocrx_word' id='word_1_210' title='bbox 1450 2015 1508 2059; x_wconf 91' lang='lat' dir='ltr'><strong>ad</strong></span> <span class='ocrx_word' id='word_1_211' title='bbox 1535 2030 1690 2059; x_wconf 84' lang='lat' dir='ltr'><strong>veram</strong></span> <span class='ocrx_word' id='word_1_212' title='bbox 1718 2014 1976 2076; x_wconf 87' lang='lat' dir='ltr'><strong>sapientiam</strong></span> <span class='ocrx_word' id='word_1_213' title='bbox 2003 2027 2266 2062; x_wconf 86' lang='lat' dir='ltr'><strong>convertunt</strong></span> <span class='ocrx_word' id='word_1_214' title='bbox 2285 2019 2305 2060; x_wconf 83' lang='lat'>?</span> <span class='ocrx_word' id='word_1_215' title='bbox 2335 2017 2394 2063; x_wconf 82' lang='grc' dir='ltr'><strong>Ει</strong></span> <span class='ocrx_word' id='word_1_216' title='bbox 2408 2020 2528 2080; x_wconf 83' lang='lat' dir='ltr'><strong>quod</strong></span> 
     </span>
     <span class='ocr_line' id='line_1_23' title="bbox 514 2081 2530 2146; baseline 0.001 -16"><span class='ocrx_word' id='word_1_217' title='bbox 514 2081 631 2132; x_wconf 86' lang='lat' dir='ltr'><strong>bene</strong></span> <span class='ocrx_word' id='word_1_218' title='bbox 649 2086 776 2130; x_wconf 78' lang='lat' dir='ltr'><strong>¹nunc</strong></span> <span class='ocrx_word' id='word_1_219' title='bbox 805 2085 952 2146; x_wconf 85' lang='lat' dir='ltr'><strong>agitur</strong></span> <span class='ocrx_word' id='word_1_220' title='bbox 980 2101 1081 2129; x_wconf 91' lang='lat' dir='ltr'><strong>cum</strong></span> <span class='ocrx_word' id='word_1_221' title='bbox 1107 2099 1351 2146; x_wconf 87' lang='lat' dir='ltr'><strong>puerorum</strong></span> <span class='ocrx_word' id='word_1_222' title='bbox 1379 2082 1674 2136; x_wconf 85' lang='lat' dir='ltr'><strong>institutione,</strong></span> <span class='ocrx_word' id='word_1_223' title='bbox 1704 2083 1846 2143; x_wconf 90' lang='lat' dir='ltr'><strong>quod,</strong></span> <span class='ocrx_word' id='word_1_224' title='bbox 1877 2085 2044 2138; x_wconf 89' lang='lat' dir='ltr'><strong>abjecta</strong></span> <span class='ocrx_word' id='word_1_225' title='bbox 2081 2086 2375 2132; x_wconf 68' lang='lat' dir='ltr'><strong>obem-&gt;rum</strong></span> <span class='ocrx_word' id='word_1_226' title='bbox 2401 2087 2530 2133; x_wconf 79' lang='lat' dir='ltr'><strong>viro-</strong></span> 
     </span>
     <span class='ocr_line' id='line_1_24' title="bbox 513 2150 2529 2215; baseline 0.001 -17"><span class='ocrx_word' id='word_1_227' title='bbox 513 2171 614 2198; x_wconf 89' lang='lat' dir='ltr'><strong>rum</strong></span> <span class='ocrx_word' id='word_1_228' title='bbox 642 2152 973 2215; x_wconf 83' lang='lat' dir='ltr'><strong>superstitione,</strong></span> <span class='ocrx_word' id='word_1_229' title='bbox 1004 2151 1188 2196; x_wconf 84' lang='lat' dir='ltr'><strong>detersis</strong></span> <span class='ocrx_word' id='word_1_230' title='bbox 1216 2151 1563 2196; x_wconf 84' lang='lat' dir='ltr'><strong>umbraticorum</strong></span> <span class='ocrx_word' id='word_1_231' title='bbox 1588 2150 1821 2195; x_wconf 86' lang='lat' dir='ltr'><strong>doctorum</strong></span> <span class='ocrx_word' id='word_1_232' title='bbox 1861 2152 2090 2204; x_wconf 85' lang='lat' dir='ltr'><strong>sordibus,</strong></span> <span class='ocrx_word' id='word_1_233' title='bbox 2128 2153 2405 2199; x_wconf 85' lang='lat' dir='ltr'><strong>humanitatis</strong></span> <span class='ocrx_word' id='word_1_234' title='bbox 2434 2167 2529 2200; x_wconf 86' lang='lat' dir='ltr'><strong>stu-</strong></span> 
     </span>
     <span class='ocr_line' id='line_1_25' title="bbox 514 2217 2533 2281; baseline 0 -15"><span class='ocrx_word' id='word_1_235' title='bbox 514 2221 588 2266; x_wconf 89' lang='lat' dir='ltr'><strong>dia</strong></span> <span class='ocrx_word' id='word_1_236' title='bbox 618 2237 879 2266; x_wconf 84' lang='lat' dir='ltr'><strong>exercemus</strong></span> <span class='ocrx_word' id='word_1_237' title='bbox 909 2231 951 2265; x_wconf 90' lang='lat' dir='ltr'><strong>et</strong></span> <span class='ocrx_word' id='word_1_238' title='bbox 979 2218 1181 2266; x_wconf 88' lang='lat' dir='ltr'><strong>feliciore</strong></span> <span class='ocrx_word' id='word_1_239' title='bbox 1210 2229 1374 2265; x_wconf 85' lang='lat' dir='ltr'><strong>eventu</strong></span> <span class='ocrx_word' id='word_1_240' title='bbox 1400 2235 1492 2279; x_wconf 86' lang='lat' dir='ltr'><strong>non</strong></span> <span class='ocrx_word' id='word_1_241' title='bbox 1519 2234 1766 2279; x_wconf 90' lang='lat' dir='ltr'><strong>poenarum</strong></span> <span class='ocrx_word' id='word_1_242' title='bbox 1794 2217 2180 2281; x_wconf 86' lang='lat' dir='ltr'><strong>terriculamentis,</strong></span> <span class='ocrx_word' id='word_1_243' title='bbox 2224 2222 2304 2266; x_wconf 89' lang='lat' dir='ltr'><strong>sed</strong></span> <span class='ocrx_word' id='word_1_244' title='bbox 2328 2223 2533 2268; x_wconf 82' lang='lat' dir='ltr'><strong>benevo-</strong></span> 
     </span>
     <span class='ocr_line' id='line_1_26' title="bbox 512 2281 2528 2350; baseline 0 -16"><span class='ocrx_word' id='word_1_245' title='bbox 512 2288 648 2334; x_wconf 87' lang='lat' dir='ltr'><strong>lentia</strong></span> <span class='ocrx_word' id='word_1_246' title='bbox 693 2298 738 2333; x_wconf 89' lang='lat' dir='ltr'><strong>et</strong></span> <span class='ocrx_word' id='word_1_247' title='bbox 782 2281 1115 2334; x_wconf 81' lang='lat' dir='ltr'><strong>mansuetudine</strong></span> <span class='ocrx_word' id='word_1_248' title='bbox 1165 2298 1210 2333; x_wconf 91' lang='lat' dir='ltr'><strong>et</strong></span> <span class='ocrx_word' id='word_1_249' title='bbox 1246 2286 1346 2333; x_wconf 81' lang='lat' dir='ltr'><strong>veri</strong></span> <span class='ocrx_word' id='word_1_250' title='bbox 1384 2285 1616 2348; x_wconf 73' lang='lat' dir='ltr'><strong>pulei-ique</strong></span> <span class='ocrx_word' id='word_1_251' title='bbox 1656 2302 1808 2332; x_wconf 87' lang='lat' dir='ltr'><strong>amore</strong></span> <span class='ocrx_word' id='word_1_252' title='bbox 1845 2285 2122 2348; x_wconf 88' lang='lat' dir='ltr'><strong>disciplinam</strong></span> <span class='ocrx_word' id='word_1_253' title='bbox 2158 2288 2376 2350; x_wconf 89' lang='lat' dir='ltr'><strong>regimus,</strong></span> <span class='ocrx_word' id='word_1_254' title='bbox 2424 2290 2528 2335; x_wconf 90' lang='lat' dir='ltr'><strong>idne</strong></span> 
     </span>
     <span class='ocr_line' id='line_1_27' title="bbox 512 2352 2526 2419; baseline 0 -16"><span class='ocrx_word' id='word_1_255' title='bbox 512 2359 657 2419; x_wconf 89' lang='lat' dir='ltr'><strong>ipsum</strong></span> <span class='ocrx_word' id='word_1_256' title='bbox 685 2355 839 2417; x_wconf 85' lang='lat' dir='ltr'><strong>primis</strong></span> <span class='ocrx_word' id='word_1_257' title='bbox 867 2356 955 2401; x_wconf 89' lang='lat' dir='ltr'><strong>illis</strong></span> <span class='ocrx_word' id='word_1_258' title='bbox 984 2354 1237 2402; x_wconf 89' lang='lat' dir='ltr'><strong>auctoribus</strong></span> <span class='ocrx_word' id='word_1_259' title='bbox 1275 2366 1503 2416; x_wconf 88' lang='lat' dir='ltr'><strong>acceptum</strong></span> <span class='ocrx_word' id='word_1_260' title='bbox 1545 2352 1781 2399; x_wconf 87' lang='lat' dir='ltr'><strong>referimus</strong></span> <span class='ocrx_word' id='word_1_261' title='bbox 1798 2354 1819 2397; x_wconf 65' lang='grc' dir='ltr'><strong>Ξ)</strong></span> <span class='ocrx_word' id='word_1_262' title='bbox 1880 2354 2094 2399; x_wconf 85' lang='lat' dir='ltr'><strong>Nimirum</strong></span> <span class='ocrx_word' id='word_1_263' title='bbox 2123 2356 2321 2401; x_wconf 83' lang='lat' dir='ltr'><strong>universi</strong></span> <span class='ocrx_word' id='word_1_264' title='bbox 2349 2358 2526 2417; x_wconf 83' lang='lat' dir='ltr'><strong>generis</strong></span> 
     </span>
     <span class='ocr_line' id='line_1_28' title="bbox 513 2421 2525 2485; baseline 0 -14"><span class='ocrx_word' id='word_1_265' title='bbox 513 2423 692 2471; x_wconf 88' lang='lat' dir='ltr'><strong>humani</strong></span> <span class='ocrx_word' id='word_1_266' title='bbox 722 2421 923 2468; x_wconf 87' lang='lat' dir='ltr'><strong>educatio</strong></span> <span class='ocrx_word' id='word_1_267' title='bbox 954 2422 1164 2469; x_wconf 83' lang='lat' dir='ltr'><strong>divinitus</strong></span> <span class='ocrx_word' id='word_1_268' title='bbox 1192 2423 1253 2468; x_wconf 90' lang='lat' dir='ltr'><strong>ita</strong></span> <span class='ocrx_word' id='word_1_269' title='bbox 1281 2433 1534 2485; x_wconf 90' lang='lat' dir='ltr'><strong>comparata</strong></span> <span class='ocrx_word' id='word_1_270' title='bbox 1562 2432 1648 2477; x_wconf 88' lang='lat' dir='ltr'><strong>est,</strong></span> <span class='ocrx_word' id='word_1_271' title='bbox 1678 2432 1726 2466; x_wconf 88' lang='lat' dir='ltr'><strong>ut</strong></span> <span class='ocrx_word' id='word_1_272' title='bbox 1752 2437 1845 2466; x_wconf 89' lang='lat' dir='ltr'><strong>non</strong></span> <span class='ocrx_word' id='word_1_273' title='bbox 1874 2437 1962 2467; x_wconf 91' lang='lat' dir='ltr'><strong>uno</strong></span> <span class='ocrx_word' id='word_1_274' title='bbox 1991 2433 2192 2483; x_wconf 85' lang='lat' dir='ltr'><strong>tempore</strong></span> <span class='ocrx_word' id='word_1_275' title='bbox 2220 2424 2429 2471; x_wconf 79' lang='lat' dir='ltr'><strong>subitove</strong></span> <span class='ocrx_word' id='word_1_276' title='bbox 2459 2428 2525 2470; x_wconf 92' lang='lat' dir='ltr'><strong>la-</strong></span> 
     </span>
     <span class='ocr_line' id='line_1_29' title="bbox 512 2488 2523 2555; baseline -0.001 -16"><span class='ocrx_word' id='word_1_277' title='bbox 512 2497 624 2541; x_wconf 86' lang='lat' dir='ltr'><strong>bore</strong></span> <span class='ocrx_word' id='word_1_278' title='bbox 655 2495 929 2546; x_wconf 83' lang='lat' dir='ltr'><strong>absolvatur,</strong></span> <span class='ocrx_word' id='word_1_279' title='bbox 959 2492 1039 2536; x_wconf 92' lang='lat' dir='ltr'><strong>sed</strong></span> <span class='ocrx_word' id='word_1_280' title='bbox 1068 2491 1153 2536; x_wconf 86' lang='lat' dir='ltr'><strong>alia</strong></span> <span class='ocrx_word' id='word_1_281' title='bbox 1182 2491 1368 2536; x_wconf 89' lang='lat' dir='ltr'><strong>subinde</strong></span> <span class='ocrx_word' id='word_1_282' title='bbox 1399 2502 1443 2535; x_wconf 89' lang='lat' dir='ltr'><strong>et</strong></span> <span class='ocrx_word' id='word_1_283' title='bbox 1481 2490 1566 2534; x_wconf 87' lang='lat' dir='ltr'><strong>alia</strong></span> <span class='ocrx_word' id='word_1_284' title='bbox 1603 2501 1825 2534; x_wconf 85' lang='lat' dir='ltr'><strong>momenta</strong></span> <span class='ocrx_word' id='word_1_285' title='bbox 1861 2488 2078 2544; x_wconf 73' lang='lat' dir='ltr'><strong>incidant,</strong></span> <span class='ocrx_word' id='word_1_286' title='bbox 2116 2490 2277 2551; x_wconf 88' lang='lat' dir='ltr'><strong>quibus</strong></span> <span class='ocrx_word' id='word_1_287' title='bbox 2316 2505 2523 2555; x_wconf 86' lang='lat' dir='ltr'><strong>coeptum</strong></span> 
     </span>
     <span class='ocr_line' id='line_1_30' title="bbox 513 2556 2521 2625; baseline -0.001 -18"><span class='ocrx_word' id='word_1_288' title='bbox 513 2580 650 2625; x_wconf 86' lang='lat' dir='ltr'><strong>opus,</strong></span> <span class='ocrx_word' id='word_1_289' title='bbox 680 2577 770 2606; x_wconf 90' lang='lat' dir='ltr'><strong>uno</strong></span> <span class='ocrx_word' id='word_1_290' title='bbox 800 2561 1046 2620; x_wconf 90' lang='lat' dir='ltr'><strong>eodemque</strong></span> <span class='ocrx_word' id='word_1_291' title='bbox 1074 2560 1332 2604; x_wconf 88' lang='lat' dir='ltr'><strong>moderante</strong></span> <span class='ocrx_word' id='word_1_292' title='bbox 1361 2558 1570 2612; x_wconf 86' lang='lat' dir='ltr'><strong>consilio,</strong></span> <span class='ocrx_word' id='word_1_293' title='bbox 1599 2556 1808 2617; x_wconf 87' lang='lat' dir='ltr'><strong>paulatim</strong></span> <span class='ocrx_word' id='word_1_294' title='bbox 1838 2558 1893 2600; x_wconf 87' lang='lat' dir='ltr'><strong>ad</strong></span> <span class='ocrx_word' id='word_1_295' title='bbox 1932 2557 2167 2603; x_wconf 81' lang='lat' dir='ltr'><strong>certiorem</strong></span> <span class='ocrx_word' id='word_1_296' title='bbox 2205 2559 2343 2605; x_wconf 85' lang='lat' dir='ltr'><strong>finem</strong></span> <span class='ocrx_word' id='word_1_297' title='bbox 2379 2563 2521 2605; x_wconf 89' lang='lat' dir='ltr'><strong>dedu-</strong></span> 
     </span>
     <span class='ocr_line' id='line_1_31' title="bbox 513 2623 2521 2688; baseline -0.002 -10"><span class='ocrx_word' id='word_1_298' title='bbox 513 2644 648 2679; x_wconf 88' lang='lat' dir='ltr'><strong>catur.</strong></span> <span class='ocrx_word' id='word_1_299' title='bbox 677 2626 856 2688; x_wconf 84' lang='lat' dir='ltr'><strong>Itaque</strong></span> <span class='ocrx_word' id='word_1_300' title='bbox 896 2626 972 2672; x_wconf 89' lang='lat' dir='ltr'><strong>diu</strong></span> <span class='ocrx_word' id='word_1_301' title='bbox 1007 2625 1277 2688; x_wconf 87' lang='lat' dir='ltr'><strong>praeparatis</strong></span> <span class='ocrx_word' id='word_1_302' title='bbox 1314 2625 1370 2670; x_wconf 87' lang='lat' dir='ltr'><strong>ad</strong></span> <span class='ocrx_word' id='word_1_303' title='bbox 1407 2641 1543 2670; x_wconf 79' lang='lat' dir='ltr'><strong>verae</strong></span> <span class='ocrx_word' id='word_1_304' title='bbox 1580 2623 1818 2685; x_wconf 84' lang='lat' dir='ltr'><strong>sapientiae</strong></span> <span class='ocrx_word' id='word_1_305' title='bbox 1862 2624 2146 2687; x_wconf 85' lang='lat' dir='ltr'><strong>cupiditatem</strong></span> <span class='ocrx_word' id='word_1_306' title='bbox 2182 2627 2338 2673; x_wconf 89' lang='lat' dir='ltr'><strong>animis</strong></span> <span class='ocrx_word' id='word_1_307' title='bbox 2377 2639 2421 2673; x_wconf 90' lang='lat' dir='ltr'><strong>et</strong></span> <span class='ocrx_word' id='word_1_308' title='bbox 2463 2629 2521 2673; x_wconf 91' lang='lat' dir='ltr'><strong>ad</strong></span> 
     </span>
     <span class='ocr_line' id='line_1_32' title="bbox 512 2691 2523 2762; baseline -0.001 -18"><span class='ocrx_word' id='word_1_309' title='bbox 512 2717 635 2762; x_wconf 89' lang='lat' dir='ltr'><strong>spem</strong></span> <span class='ocrx_word' id='word_1_310' title='bbox 664 2697 976 2741; x_wconf 81' lang='lat' dir='ltr'><strong>saluberrimae</strong></span> <span class='ocrx_word' id='word_1_311' title='bbox 1005 2694 1262 2755; x_wconf 87' lang='lat' dir='ltr'><strong>disciplinae</strong></span> <span class='ocrx_word' id='word_1_312' title='bbox 1291 2692 1514 2746; x_wconf 82' lang='lat' dir='ltr'><strong>excitatis,</strong></span> <span class='ocrx_word' id='word_1_313' title='bbox 1544 2691 1707 2736; x_wconf 83' lang='lat' dir='ltr'><strong>affulsit</strong></span> <span class='ocrx_word' id='word_1_314' title='bbox 1734 2692 1953 2736; x_wconf 84' lang='lat' dir='ltr'><strong>tandem</strong></span> <span class='ocrx_word' id='word_1_315' title='bbox 1939 2692 2122 2753; x_wconf 82' lang='lat' dir='ltr'><strong>1is,qui</strong></span> <span class='ocrx_word' id='word_1_316' title='bbox 2152 2711 2213 2738; x_wconf 85' lang='lat' dir='ltr'><strong>ex</strong></span> <span class='ocrx_word' id='word_1_317' title='bbox 2243 2696 2434 2740; x_wconf 85' lang='lat' dir='ltr'><strong>tenebris</strong></span> <span class='ocrx_word' id='word_1_318' title='bbox 2463 2697 2523 2741; x_wconf 85' lang='lat' dir='ltr'><strong>ad</strong></span> 
     </span>
     <span class='ocr_line' id='line_1_33' title="bbox 511 2758 2523 2825; baseline -0.002 -12"><span class='ocrx_word' id='word_1_319' title='bbox 511 2765 793 2825; x_wconf 82' lang='lat' dir='ltr'><strong>illustriorem</strong></span> <span class='ocrx_word' id='word_1_320' title='bbox 821 2779 997 2809; x_wconf 89' lang='lat' dir='ltr'><strong>scenam</strong></span> <span class='ocrx_word' id='word_1_321' title='bbox 1021 2760 1235 2822; x_wconf 88' lang='lat' dir='ltr'><strong>progredi</strong></span> <span class='ocrx_word' id='word_1_322' title='bbox 1263 2760 1426 2805; x_wconf 89' lang='lat' dir='ltr'><strong>dudum</strong></span> <span class='ocrx_word' id='word_1_323' title='bbox 1458 2770 1767 2820; x_wconf 80' lang='lat' dir='ltr'><strong>exoptassent,</strong></span> <span class='ocrx_word' id='word_1_324' title='bbox 1796 2758 2106 2820; x_wconf 83' lang='lat' dir='ltr'><strong>perfectissimi</strong></span> <span class='ocrx_word' id='word_1_325' title='bbox 2135 2761 2325 2806; x_wconf 86' lang='lat' dir='ltr'><strong>hominis</strong></span> <span class='ocrx_word' id='word_1_326' title='bbox 2362 2779 2523 2809; x_wconf 82' lang='lat' dir='ltr'><strong>exem·-</strong></span> 
     </span>
     <span class='ocr_line' id='line_1_34' title="bbox 511 2827 2551 2898; baseline -0.001 -19"><span class='ocrx_word' id='word_1_327' title='bbox 511 2838 659 2898; x_wconf 88' lang='lat' dir='ltr'><strong>plum,</strong></span> <span class='ocrx_word' id='word_1_328' title='bbox 690 2836 810 2886; x_wconf 82' lang='lat' dir='ltr'><strong>cujus</strong></span> <span class='ocrx_word' id='word_1_329' title='bbox 840 2830 1065 2876; x_wconf 80' lang='lat' dir='ltr'><strong>notionem</strong></span> <span class='ocrx_word' id='word_1_330' title='bbox 1093 2829 1159 2873; x_wconf 88' lang='lat' dir='ltr'><strong>illi</strong></span> <span class='ocrx_word' id='word_1_331' title='bbox 1186 2827 1374 2890; x_wconf 85' lang='lat' dir='ltr'><strong>ingeniis</strong></span> <span class='ocrx_word' id='word_1_332' title='bbox 1403 2827 1948 2888; x_wconf 82' lang='lat' dir='ltr'><strong>conceperant,figu1am</strong></span> <span class='ocrx_word' id='word_1_333' title='bbox 1977 2840 2020 2872; x_wconf 89' lang='lat' dir='ltr'><strong>et</strong></span> <span class='ocrx_word' id='word_1_334' title='bbox 2040 2830 2233 2888; x_wconf 87' lang='lat' dir='ltr'><strong>speciem</strong></span> <span class='ocrx_word' id='word_1_335' title='bbox 2251 2829 2362 2874; x_wconf 88' lang='lat' dir='ltr'><strong>utin</strong></span> <span class='ocrx_word' id='word_1_336' title='bbox 2390 2832 2551 2895; x_wconf 65' lang='lat' dir='ltr'><strong>terris⁸</strong></span> 
     </span>
     <span class='ocr_line' id='line_1_35' title="bbox 513 2896 2523 2968; baseline -0.002 -19.998"><span class='ocrx_word' id='word_1_337' title='bbox 513 2903 750 2965; x_wconf 85' lang='lat' dir='ltr'><strong>aliquando</strong></span> <span class='ocrx_word' id='word_1_338' title='bbox 789 2915 1059 2968; x_wconf 73' lang='lat' dir='ltr'><strong>cognoscere</strong></span> <span class='ocrx_word' id='word_1_339' title='bbox 1087 2897 1264 2950; x_wconf 86' lang='lat' dir='ltr'><strong>liceret,</strong></span> <span class='ocrx_word' id='word_1_340' title='bbox 1304 2913 1541 2957; x_wconf 85' lang='lat' dir='ltr'><strong>nunquam</strong></span> <span class='ocrx_word' id='word_1_341' title='bbox 1557 2906 1817 2940; x_wconf 86' lang='lat' dir='ltr'><strong>eventurum</strong></span> <span class='ocrx_word' id='word_1_342' title='bbox 1844 2907 2141 2955; x_wconf 82' lang='lat' dir='ltr'><strong>speraverant.</strong></span> <span class='ocrx_word' id='word_1_343' title='bbox 2201 2896 2268 2942; x_wconf 91' lang='lat' dir='ltr'><strong>At</strong></span> <span class='ocrx_word' id='word_1_344' title='bbox 2296 2897 2417 2942; x_wconf 89' lang='lat' dir='ltr'><strong>idem</strong></span> <span class='ocrx_word' id='word_1_345' title='bbox 2446 2898 2523 2944; x_wconf 91' lang='lat' dir='ltr'><strong>ille</strong></span> 
     </span>
     <span class='ocr_line' id='line_1_36' title="bbox 512 2963 2521 3029; baseline -0.003 -9"><span class='ocrx_word' id='word_1_346' title='bbox 512 2989 667 3020; x_wconf 88' lang='lat' dir='ltr'><strong>omnes</strong></span> <span class='ocrx_word' id='word_1_347' title='bbox 707 2971 763 3016; x_wconf 85' lang='lat' dir='ltr'><strong>ad</strong></span> <span class='ocrx_word' id='word_1_348' title='bbox 802 2963 948 3015; x_wconf 81' lang='lat' dir='ltr'><strong>lucem</strong></span> <span class='ocrx_word' id='word_1_349' title='bbox 983 2965 1294 3029; x_wconf 76' lang='lat' dir='ltr'><strong>appetendam,</strong></span> <span class='ocrx_word' id='word_1_350' title='bbox 1341 2965 1398 3011; x_wconf 88' lang='lat' dir='ltr'><strong>ad</strong></span> <span class='ocrx_word' id='word_1_351' title='bbox 1444 2964 1545 3012; x_wconf 73' lang='lat' dir='ltr'><strong>veri</strong></span> <span class='ocrx_word' id='word_1_352' title='bbox 1583 2964 1813 3026; x_wconf 72' lang='lat' dir='ltr'><strong>pulciique</strong></span> <span class='ocrx_word' id='word_1_353' title='bbox 1850 2964 2171 3025; x_wconf 79' lang='lat' dir='ltr'><strong>perfectionem</strong></span> <span class='ocrx_word' id='word_1_354' title='bbox 2209 2980 2438 3020; x_wconf 72' lang='lat' dir='ltr'><strong>evocant</strong></span> <span class='ocrx_word' id='word_1_355' title='bbox 2479 2981 2521 3013; x_wconf 89' lang='lat' dir='ltr'><strong>et</strong></span> 
     </span>
    </p>
   </div>
  </div>
 </body>
</html>
