3009 3684
2479 474 2538 520 33

509 596 932 650 uminum,
955 592 1077 656 qui,
1103 595 1426 658 postubneve'm
1461 596 1624 643 morbi<
1644 595 1941 642 accessionem
1975 595 2065 641 die·
2086 595 2175 642 VH
2199 593 2364 641 menis
2390 596 2539 642 Martii

507 664 1358 743 ·mort33⁷5eumx¹oooubuisse÷affeoebat;
1379 678 1487 711 :non
1515 665 1641 711 enim·
1659 664 1907 727 praesidem
1934 665 2096 719 modo,
2121 663 2467 726 sed-patronum
2496 675 2539 710 et

506 737 717 796 ‚patrem
715 730 862 778 nobis
886 733 1114 795 rebusque
1131 733 1315 781 nocais
1323 745 1524 796 ereptum
1557 734 1875 788 sentiebamus,
1900 744 1960 779 ·et
1995 731 2229 779 universae
2263 731 2549 795 reipublicae

510 800 684 848 ricem
710 802 1110 862 conquerebamur,
1136 802 1208 851 Iret
1231 802 1392 851 hedis
1403 819 1518 850 non·
1520 803 1631 878 sine
1665 801 1859 893 lacrimis
1899 801 2033 857 illud,
2077 801 2196 845 have
2227 802 2312 899 pia
2347 800 2540 848 anirua!

507 868 573 915 --in
599 880 871 931 perpetuum
888 871 1217 918 succlamamus.
1238 883 1290 914 ι
1297 889 1317 912 ·›
1356 871 1411 912 523.
1561 888 1567 895 ·
2025 891 2029 897 ·

639 935 709 983 As
733 937 847 984 bene
876 940 1124 1001 constitum
1144 938 1302 986 votuit
1313 888 1616 1001 providentia
1634 934 1787 980 divina
1814 935 1992 997 patriae
2009 948 2209 992 nostrae,
2245 905 2403 999 quod,
2431 938 2536 984 viro

525 1005 894 1064 praestantissimo
924 1017 1103 1066 erepto,
1131 1006 1181 1051 in
1205 1007 1317 1051 tanti
1347 1005 1497 1050 oneris
1525 1007 1675 1050 locum
1703 1004 1946 1048 succedere
1967 1005 2111 1050 voluit
2141 1008 2313 1067 collega
2331 1006 2539 1052 Muelleri

510 1087 617 1117 -nou
644 1072 782 1121 modo
812 1072 1070 1150 gravissimi
1092 1071 1297 1118 munen'i‘s
1316 1072 1548 1127 societate,
1570 1071 1671 1117 sed
1699 1070 1891 1116 amicitia
1918 1072 2052 1116 etiam
2079 1083 2123 1117 et
2151 1073 2373 1118 communi
2398 1074 2538 1119 bene-

508 1139 720 1185 volentia
756 1139 971 1185 artissime
1005 1157 1109 1185 eum
1149 1157 1204 1186 eo
1237 1145 1551 1196 conjunctus„
1565 1150 1609 1185 et
1636 1138 1864 1217 profecto,
1894 1150 1960 1184 ut
1976 1139 2139 1185 Illustr.
2198 1141 2540 1185 Lindenavium

526 1217 648 1252 certe
677 1207 734 1252 ad
764 1207 943 1268 aliquod
971 1218 1141 1270 tempus
1171 1219 1237 1254 tot
1264 1209 1481 1267 tantisqtze
1508 1207 1720 1282 negotiis,
1750 1205 1909 1284 quibus
1927 1218 2059 1254 ,certa
2088 1207 2345 1269 Principum
2372 1209 2539 1253 volun-

522 1285 601 1321 tas
616 1275 732 1322 inter
757 1274 966 1322 universi
978 1276 1147 1338 populi
1167 1275 1491 1338 gratulationes
1507 1277 1724 1319 summum
1750 1274 1900 1319 virum
1924 1263 2174 1335 praefecit,
2211 1276 2328 1320 hanc
2355 1291 2537 1337 quoque

508 1344 799 1406 ‘provinciam
828 1345 1069 1401 adjecisse,
1078 1344 1391 1406 percrebruit,
1425 1345 1543 1399 hanc
1571 1359 1703 1387 unam
1729 1343 1947 1387 medelam
1974 1342 2127 1387 luctui.
2137 1354 2298 1389 noan-o
2322 1344 2421 1388 dar-i
2449 1361 2535 1405 po-

510 1410 680 1467 ·tuisse,
711 1429 864 1458 omnes
895 1428 1173 1458 consensere.
1231 1411 1321 1472 Qui
1348 1410 1422 1456 vir
1450 1422 1609 1456 nostra.
1630 1411 1760 1455 laude
1789 1414 1931 1465 major
1959 1421 2007 1458 ut
2035 1427 2168 1471 quam
2196 1409 2435 1457 diutissime
2464 1429 2537 1458 res

512 1473 706 1524 nostras-
736 1496 893 1525 curare
929 1490 974 1524 et
1008 1477 1150 1541 possit
1186 1483 1232 1524 et'
1268 1478 1403 1532 velit,
1443 1478 1698 1523 enixissime
1735 1495 1995 1539 precamur,
2041 1477 2279 1538 simulque,
2321 1479 2444 1538 quod
2482 1480 2539 1524 ad

509 1547 654 1600 ¹hujus
687 1548 870 1593 scholae
895 1546 1190 1592 incrementa·
1213 1545 1400 1600 attinet„
1418 1557 1491 1601 ut,
1523 1563 1638 1605 quae
1667 1546 1799 1592 bonis
1828 1544 2034 1607 auspiciis
2062 1546 2239 1606 incepta
2264 1557 2308 1591 et
2336 1546 2394 1591 ad
2421 1548 2539 1593 hunc

524 1630 665 1673 usque
703 1617 852 1660 locum
887 1616 1075 1660 deducta
1112 1625 1233 1668 sunt,
1271 1613 1458 1659 alacrius
1497 1612 1628 1658 etiam
1663 1613 1924 1674 feliciusque
1966 1612 2297 1673 continuentur,
2343 1624 2540 1660 nostram

455 1691 458 1694 ’
514 1695 708 1742 operam
737 1699 960 1742 nunquam
988 1681 1240 1728 defuturam
1267 1695 1388 1736 esse,
1416 1680 1765 1742 religiosissime
1778 1681 2062 1742 spondemus.

638 1749 729 1795 Sed
773 1750 876 1794 dum
924 1751 1036 1795 haec
1072 1748 1325 1803 scribimus,
1372 1764 1517 1794 novus
1555 1751 1698 1794 luctus
1735 1763 1821 1809 per
1853 1749 2040 1808 patriam
2076 1759 2272 1793 nostram
2315 1748 2535 1793 indicitur.

513 1816 770 1864 Defunctus
799 1820 865 1864 e'st
893 1817 992 1863 ante
1018 1832 1185 1878 paucos
1202 1816 1298 1862 dies
1314 1818 1454 1860 Pater·
1468 1817 1686 1873 Patriae,
1717 1819 1826 1861 Rex
1843 1820 2085 1860 Saxonum
2100 1817 2358 1869 Antonius,
2389 1833 2535 1877 quem,

514 1878 662 1945 ‘quum
690 1886 929 1930 admodum
956 1901 1113 1929 senex
1125 1884 1192 1927 ad
1211 1900 1425 1928 summam
1452 1895 1716 1943 potestatem
1744 1884 2024 1936 accessisset,
2052 1886 2244 1943 populus
2280 1883 2539 1944 Principum

525 1968 707 1998 suorum
745 1952 1062 1997 amantissimus
1099 1950 1366 1996 brevissimo
1401 1961 1605 2011 tempore
1641 1967 1732 1996 non
1757 1967 1922 1997 -amore
1958 1961 2144 2005 tantum,
2183 1950 2266 1995 sed
2293 1950 2540 1997 animorum

511 2020 795 2065 -verecundia
825 2020 1033 2080 amplecti
1061 2031 1105 2065 et
1133 2017 1403 2064 sanctissima
1439 2020 1601 2079 pietate
1631 2018 1854 2080 *prosequi
1893 2020 2086 2074 solebat,
2124 2018 2205 2065 cui
2235 2017 2344 2079 quid
2381 2019 2541 2065 debeat

515 2087 692 2148 patria,
722 2104 874 2134 omnes
898 2086 1111 2141 sentiunt,
1141 2096 1351 2147 quantum
1381 2086 1555 2133 afflictis
1585 2088 1720 2133 rebus
1751 2086 2041 2141 consuluerit,
2080 2102 2230 2132 rerum
2258 2098 2540 2133 monumenta

515 2157 818 2211 ¹testabuntur,
835 2172 962 2216 quae
990 2157 1065 2199 Ρὶἰ
1091 2166 1135 2200 et
1158 2155 1358 2215 Benigni
1387 2152 1675 2215 cog'nomina,
1698 2155 1829 2205 laetis
1860 2154 2249 2200 acclamationibus
2277 2154 2389 2200 vivo
2421 2156 2536 2211 data,

526 2233 704 2268 mortuo
741 2222 788 2267 in
828 2222 975 2268 omnia
1004 2233 1203 2283 tempora
1231 2238 1335 2266 serv
1337 2223 1483 2265 abunt.
1541 2223 1608 2266 At
1636 2223 1734 2277 ille,
1765 2224 1887 2283 quod
1915 2222 2191 2284 paucissimis
2220 2221 2354 2267 etiam
2383 2223 2538 2283 priva-

524 2299 596 2334 tae
624 2289 898 2337 conditionis
917 2289 1168 2334 hominibus
1198 2289 1346 2333 datum
1374 2300 1460 2343 est,
1491 2301 1689 2334 extrema
1719 2301 1772 2334 et
1790 2301 1950 2350 vegeta
1977 2300 2202 2333 senectute
2229 2290 2324 2333 fato
2351 2306 2537 2335 conces-

526 2356 615 2413 sit',
627 2340 1010 2403 vifflumanae
1048 2356 1230 2418 negotio
1260 2355 1613 2403 commodissime
1643 2356 1966 2411 administrato,
1995 2356 2176 2417 egregie
2205 2368 2394 2413 exact03
2425 2375 2536 2403 unus

525 2425 574 2471 in
600 2425 727 2486 regni
755 2422 1043 2470 hereditatem
1072 2423 1303 2474 successit.
1333 2424 1409 2485 qui
1437 2442 1521 2486 per
1547 2442 1629 2470 sex
1657 2426 1753 2469 sere
1784 2440 1920 2469 annos
1949 2423 2077 2484 regni
2105 2423 2254 2470 socius
2286 2425 2535 2479 fuit,Fr1·-

528 2494 710 2537 dericus
741 2495 1014 2553 Augustus,
1053 2491 1154 2553 ipso
1190 2493 1370 2537 nomine
1408 2493 1464 2536 ad
1504 2493 1699 2538 omnium
1734 2492 1942 2537 ordinum
1974 2501 2258 2547 consensum,
2296 2492 2535 2553 gratiarum

527 2561 765 2615 actionem,
796 2560 1217 2621 congratulationem
1245 2559 1597 2613 commendatus,
1636 2560 1801 2604 dudum
1837 2570 2031 2620 spectata
2059 2560 2224 2606 virtute
2252 2561 2535 2607 confirmatu-

528 2646 603 2675 rus
641 2646 736 2675 eam
775 2628 934 2683 fidem,
973 2644 1060 2689 qua
1099 2627 1320 2683 conjuncti
1345 2627 1517 2688 Regem
1547 2626 1849 2688 antiquissimo
1878 2632 1974 2684 jure
2003 2627 2125 2675 cives
2152 2631 2359 2683 salutant,
2389 2629 2536 2676 dicto-

520 2715 625 2743 rum
654 2708 1059 2757 conventorumque
1089 2696 1330 2742 constantia
1358 2707 1402 2741 et
1429 2695 1616 2742 veritate
1645 2708 1863 2758 perpetuo
1895 2699 2052 2744 colent.
2100 2698 2250 2753 Hujus
2280 2698 2535 2758 patrocinio

528 2777 577 2811 ut
604 2767 718 2811 hanc
747 2766 966 2818 scholam,
995 2768 1210 2819 majorum
1236 2764 1398 2825 pietate
1428 2775 1470 2809 et
1489 2764 1803 2811 .munificentia
1833 2765 1890 2810 ad
1918 2765 2152 2826 ingenuam
2180 2765 2430 2811 studiorum
2460 2783 2537 2811 ae-

521 2833 812 2879 mulationem
848 2843 1064 2894 apertam,
1101 2847 1224 2879 novo
1260 2844 1535 2878 sacramento
1566 2833 1829 2887 addicimus,
1867 2833 1927 2877 ita
1963 2832 2009 2876 in
2039 2849 2094 2877 eo
2122 2832 2254 2879 unice
2284 2835 2537 2880 elaborabi-

529 2917 648 2955 mus,
675 2912 724 2946 ut
752 2901 1075 2956 adolescentes,
1095 2917 1194 2964 -quo
1223 2901 1362 2963 magis
1388 2900 1669 2962 ingeniorum
1699 2903 1867 2947 cultura
1893 2900 2191 2962 profecerint,
2230 2902 2292 2948 ita
2320 2902 2409 2949 fide
2438 2919 2537 2949 mo-

2056 2973 2082 3011 5
