3009 3684
2124 520 2146 533 '
2493 517 2553 564 27

538 644 631 688 tum
664 651 716 686 et
739 660 743 667 ·
766 643 1054 700 {icaecqstm
1078 635 1246 697 '‘est-¹)
1294 637 1462 697 Quisn'
1484 637 1705 684 rationem
1745 635 1828 683 ubi
1865 636 2002 684 hodie
2036 635 2179 683 secuti
2212 635 2456 694 fuerimus,
2490 646 2552 696 ιιι,

535 708 660 770 quod
695 707 753 752 ab
774 705 962 752 idoneis
976 704 1194 768 magistris
1220 704 1325 752 fieri
1346 705 1534 762 solet,
1519 705 1697 769 ingenia
1724 721 1817 752 non
1846 706 1904 751 ad
1932 704 2242 751 brevissimam
2270 706 2451 752 landem
2477 723 2554 760 η-

536 789 642 822 rum
664 772 941 821 multitudine
977 775 1239 830 obruamus,
1267 773 1359 820 sed
1394 775 1657 836 occupando
1694 773 2053 844 excutiendoque
2090 774 2554 831 commonefacit-is,
2598 822 2607 829 ,

536 842 747 903 quantum
781 841 959 889 virium
981 843 1040 889 ad
1070 840 1308 888 veritatem
1335 841 1693 904 cognoscendam
1720 857 1747 886 a
1775 852 1930 886 natura
1956 840 2233 902 acceperint,
2262 853 2307 888 et
2334 842 2413 904 qui
2440 842 2554 890 fines

535 907 706 956 'sciendi
742 911 856 956 ultra
892 911 1009 957 hanc
1042 908 1182 957 vita'm
1211 909 1286 955 ad
1315 908 1635 971 perfectiorem
1670 906 1805 952 animi
1839 907 2050 968 virtutem
2077 919 2346 970 pertineant,
2382 922 2478 958 tum
2507 921 2554 960 et

534 975 690 1024 'studiis
719 977 1089 1026 adolescentum
1086 978 1138 1024 e't
1161 975 1303 1022 literis
1329 973 1455 1039 ipsis-
1468 974 1635 1053 optime
1664 976 1912 1021 consultum
1947 992 2046 1023 esse
2086 976 2122 1022 ii
2155 976 2242 1040 ipsi
2272 974 2551 1027 confitebun⁴

533 1055 627 1102 tur,
656 1046 815 1106 quibus
842 1046 1029 1090 materia
1053 1043 1257 1089 discendi
1283 1059 1508 1104 nunquam
1535 1043 1639 1088 satis
1668 1043 1823 1104 augeri
1849 1042 2040 1089 videtur.

638 1114 714 1160 At
741 1130 832 1168 ea,
848 1129 963 1174 quae
991 1113 1203 1158 hactenus
1232 1112 1290 1157 de
1317 1110 1548 1158 Platonica
1576 1111 1808 1174 disciplina
1827 1113 2154 1170 enarravimus,
2184 1114 2350 1160 dixerit
2375 1114 2548 1176 aliquis,

533 1181 715 1242 egregie
743 1146 922 1242 quidem
950 1197 978 1225 a
1005 1180 1081 1225 tali
1107 1179 1319 1240 magistro
1345 1190 1586 1240 praecepta
1613 1178 1774 1234 fuisse,
1820 1180 1901 1225 sed
1937 1196 2190 1242 perpaucos
2231 1182 2274 1226 ei
2313 1184 2550 1244 contigisse

532 1247 799 1311 discipulos,
835 1247 912 1310 qui
952 1245 1308 1294 excellentissimi
1347 1245 1516 1307 ingenii
1538 1244 1738 1308 speciem
1766 1258 1811 1293 et
1837 1246 2029 1297 formam
2058 1247 2187 1295 dictis
2214 1246 2432 1311 factisque
2462 1268 2550 1297 ex-

532 1315 795 1377 primerent‚
845 1315 1168 1362 multitudinem
1210 1311 1551 1360 Atheniensium
1598 1324 1643 1359 et
1688 1324 1940 1360 ceterorum
1983 1315 2234 1395 hominnm,
2278 1317 2548 1364 incuriosam

533 1449 653 1506 riae,
683 1450 888 1498 licentiae
917 1456 1105 1511 gem,
1135 1450 1441 1497 conturbatam
1467 1447 1756 1496 seditionibus
1783 1449 2058 1508 domesticis,
2085 1462 2181 1498 tum
2201 1450 2386 1498 fractam
2406 1453 2548 1508 bellis,

531 1517 696 1564 flustra
723 1517 1047 1566 monentibus'
1030 1517 1111 1573 xis,
1140 1518 1219 1580 qui
1236 1517 1535 1565 imminentem
1561 1516 1804 1580 perniciem
1824 1518 2053 1575 viderent,
2082 1520 2292 1566 tandem
2276 1537 2323 1566 ιιι
2343 1521 2550 1577 hostium,

532 1586 826 1634 barbarorum
853 1586 950 1633 fere
978 1586 1227 1643 hominum,
1255 1597 1517 1650 potestatem
1544 1586 1831 1633 concessisse.
1887 1586 2132 1635 Enimvero
2161 1588 2200 1634 si
2228 1591 2352 1652 leges
2381 1599 2425 1635 et
2449 1605 2549 1637 mo-

531 1671 630 1700 rum
658 1667 897 1717 praecepta
925 1656 1182 1702 sufficerent
1209 1656 1266 1700 ad
1295 1656 1588 1717 corrigendos
1619 1656 1810 1710 animos,
1851 1655 1955 1701 satis
1983 1669 2269 1718 prospectum
2297 1657 2351 1702 iis
2381 1657 2549 1704 fuisset.

530 1723 642 1768 Nam
672 1734 714 1768 et
743 1724 920 1769 Solonis
948 1726 1049 1785 lege
1078 1733 1173 1769 erat
1200 1722 1436 1779 sancitum,
1466 1734 1515 1769 ut
1543 1723 1730 1785 quisque
1758 1723 2045 1769 Atheniensis
2075 1725 2191 1771 filios
2228 1741 2333 1771 suos
2362 1728 2547 1771 honesta

531 1790 676 1852 aliqua
717 1801 809 1836 arte
846 1791 1137 1837 instituendos
1166 1801 1364 1846 curaret,
1405 1791 1528 1851 quod
1555 1791 1602 1835 ni
1630 1790 1828 1845 fecisset,
1858 1802 1906 1835 ut
1931 1792 2132 1851 praemio
2162 1792 2544 1848 nutrimentorum,

531 1857 689 1920 pietate
706 1868 749 1903 et
768 1875 874 1904 cura
897 1858 1114 1913 filiorum,
1141 1858 1347 1920 indignus
1376 1862 1633 1904 censeretur
1645 1857 1756 1915 **)‚
1793 1868 1838 1903 et
1865 1857 2032 1909 scholis
2061 1858 2391 1939 gymnasiisque
2422 1860 2545 1906 cives

530 1925 707 1971 honesti
733 1925 910 1986 publice
937 1936 1195 1986 praeerant,
1224 1923 1526 1980 παιδονόμοι,
1563 1924 1888 1985 γυμνασίαρχοι
1914 1941 1949 1968 s.
1978 1924 2307 1985 γυμνασιάρχαι
2335 1926 2468 1981 dicti,
2504 1939 2547 1972 et

578 2164 618 2209 ⁸⁸)
641 2163 780 2200 Eadem
809 2162 940 2199 summi
963 2161 1204 2198 mathematici
1232 2160 1459 2198 Archimedis
1489 2160 1558 2196 fuit
1581 2163 1790 2207 sententia,v
1808 2161 1855 2198 de
1879 2175 1952 2212 quo
1983 2175 2019 2199 v.
2046 2161 2225 2198 Plutarch·
2247 2162 2408 2200 Mareell-
2432 2176 2465 2200 c.
2488 2163 2547 2202 14.

622 2230 659 2258 et
691 2223 755 2274 17..
774 2223 913 2269 Nempe
937 2223 1187 2269 sapientissimi
1214 2221 1271 2255 ini
1299 2220 1463 2255 homines
1489 2219 1715 2264 judicabant,
1746 2231 1867 2255 rerum
1897 2223 2090 2256 scientiam
2111 2234 2223 2268 aeque
2247 2233 2289 2256 ac
2310 2224 2477 2257 virtutem
2502 2223 2547 2256 ad

622 2279 740 2328 ipsam
765 2287 928 2315 naturam
956 2278 1149 2315 humanam
1180 2279 1376 2328 pertinere,
1407 2289 1482 2327 non
1516 2274 1562 2312 ad
1594 2275 1785 2314 utilitatem
1802 2275 1978 2326 aliquam,
2003 2291 2095 2327 quae
2121 2293 2166 2316 ex
2191 2291 2232 2316 ea
2255 2281 2392 2328 sperari
2415 2289 2547 2329 posset.

553 2355 561 2362 ·
621 2349 659 2372 v-
682 2337 822 2371 Jacobs
844 2335 872 2369 l.
889 2347 922 2369 c.
947 2336 1014 2370 sub
1043 2337 1098 2370 tit.
1123 2337 1290 2383 Λάκωνες
1313 2337 1375 2370 der
1400 2333 1716 2381 Wissmschafip.
1741 2334 1799 2368 76-
1818 2346 1942 2382 sequ„
1971 2342 2006 2370 et
2041 2336 2270 2370 Wachsmuth
2296 2336 2323 2373 l.
2351 2348 2385 2371 c·
2406 2350 2449 2385 p.
2464 2335 2547 2372 453.

621 2391 837 2439 „Demnacb
865 2404 942 2427 war
971 2391 1030 2427 die
1060 2393 1191 2429 Pa'deia
1221 2391 1439 2429 Charakter-
1470 2390 1599 2425 Kraft-
1628 2391 1705 2424 und
1729 2391 2014 2438 Kumtbildung,
2048 2391 2151 2426 nicht
2172 2391 2260 2428 aber
2279 2391 2484 2428 Unterricbt
2507 2396 2543 2427 in

623 2449 882 2494 Remmium,
908 2449 966 2484 die
991 2449 1107 2495 gleieh
1130 2449 1329 2486 Verrithen
1356 2461 1390 2484 ei
1377 2448 1633 2483 insusanuneln
1660 2460 1822 2494 gewesen
1850 2453 1905 2482 νὴ
1907 2461 1990 2492 ren3
2017 2448 2083 2483 das
2112 2449 2265 2484 Wollen
2288 2449 2366 2484 und
2390 2451 2544 2485 Κὸιιιιειι

621 2508 714 2558 galt,
744 2506 844 2543 nicht
870 2506 934 2542 dus
961 2504 1152 2543 Wissen-“
1191 2505 1311 2553 Wolf.
1337 2504 1472 2542 Comil.
1497 2505 1612 2543 schol.
1643 2520 1679 2552 p·
1704 2504 1787 2540 253.
1821 2505 1924 2550 „Der
1945 2505 2007 2547 bat
2040 2506 2122 2541 sehr
2147 2506 2439 2553 eingeschrinkte
2467 2509 2544 2543 Be-

621 2563 724 2612 griffe
751 2577 825 2601 von
854 2565 971 2600 einem
1002 2560 1189 2608 Studium,
1226 2561 1292 2598 der
1317 2563 1448 2598 immet
1473 2561 1533 2597 die
1560 2560 1876 2609 Untersnchungen
1905 2559 1968 2597 dea
2005 2560 2148 2599 calcula
2178 2562 2293 2599 bobet-
2325 2563 2457 2599 seham
2488 2564 2542 2600 als

623 2623 686 2658 das
714 2620 909 2657 Hochstef‘
933 2621 988 2655 ld.
1010 2634 1049 2670 p.
1074 2620 1155 2655 255.
1179 2631 1281 2668 sequ.
1310 2628 1345 2655 et
1375 2619 1458 2654 261.
1489 2631 1589 2668 sequ·
1624 2621 1760 2666 egregie
1794 2627 2054 2655 commentatus
2083 2630 2138 2657 est
2173 2621 2221 2656 de
2257 2624 2439 2657 sententiis
2471 2621 2543 2657 Se·

623 2693 749 2716 necue:
777 2681 963 2724 Nusquam
988 2687 1060 2724 eat,
1087 2680 1149 2723 qui
1182 2680 1309 2722 ubique
1341 2685 1415 2722 esi,
1448 2685 1502 2712 et:
1533 2679 1764 2711 Fastidientis
1790 2678 1962 2712 stomachi
1981 2686 2053 2723 est,
2085 2679 2196 2714 multa
2220 2681 2424 2727 degustare,
2453 2693 2545 2725 quae

621 2740 688 2774 ubi.
703 2739 802 2773 varia
821 2743 902 2771 aunt
927 2744 960 2771 et
981 2737 1140 2781 diversa,
1164 2736 1367 2781 inquinant,
1395 2748 1462 2770 non
1484 2733 1601 2771 alunt..
1634 2734 1693 2771 De
1728 2734 1856 2770 studiis
1888 2734 2144 2771 mathematicis
2175 2735 2393 2772 Graecorum
2415 2736 2543 2773 Plato-

620 2799 676 2831 nis
703 2804 816 2831 aetate
838 2794 999 2829 nondum
1023 2793 1070 2828 ad
1096 2793 1266 2828 scientiae
1286 2793 1461 2828 rationem
1483 2791 1635 2828 excultis
1659 2792 1711 2828 cf·
1731 2792 1785 2827 ld.
1813 2793 2052 2837 Waehemuth.
2079 2793 2107 2827 1.
2132 2804 2165 2827 c.
2194 2806 2233 2841 p.
2254 2792 2343 2835 490.

574 2897 635 2943 **)
660 2897 839 2935 Plutarch.
864 2895 988 2933 Solon.
1011 2909 1032 2933 c
1067 2897 1127 2933 22.
1153 2890 1277 2942 νόμον
1299 2892 1487 2945 ἔγραψεν,
1512 2894 1583 2942 vics»
1605 2896 1757 2945 τρέφειν
1781 2892 1848 2932 τὸν
1878 2896 2020 2945 πατέρα
2043 2893 2097 2941 μὴ
2128 2892 2386 2945 διδαξάμενον
2412 2898 2545 2945 τέχνην

623 2954 833 3003 ἐπάναγκες
856 2953 918 3003 μὴ
936 2951 1041 2992 εἶναι.
1067 2954 1112 2990 cf.
1135 2953 1290 2990 Fon-ster.
1316 2960 1351 2989 et
1381 2953 1509 2991 Stallb.
1535 2953 1593 2989 ad.
1613 2954 1691 2989 Plat
1727 2952 1864 2993 Criton,
1889 2967 1926 3003 p.
1951 2953 2011 2989 50.
2040 2953 2089 2987 D.

1998 3008 2084 3051 4*
