3009 3684
2484 545 2556 609 '25

544 669 606 714 cis
645 667 693 714 in
731 679 819 712 uns
843 664 1006 725 ‚lingna
1039 664 1182 726 patria
1222 665 1536 712 elaborandum
1574 664 1686 720 fuit,
1719 682 1851 726 quam
1885 676 2031 712 tamen
2060 667 2117 712 ad
2148 682 2303 713 omnes
2332 666 2556 727 perfectae

543 732 806 781 elocutionis
833 732 1000 778 formas
1030 732 1209 796 egregie
1237 728 1551 790 excoluerunt,
1588 733 1635 778 id
1669 733 1846 795 quidem
1877 734 2047 790 effecit,
2085 747 2131 782 ut
2159 734 2236 781 illa
2264 735 2323 781 ad
2350 733 2558 800 ingenio-

542 802 740 848 sissimae
769 800 910 863 gentis
940 803 1191 864 exemplum
1221 802 1424 849 omnibus
1453 802 1646 848 numeris
1675 804 1876 849 absoluta
1905 814 1949 850 et
1975 803 2159 865 reliquis
2188 803 2417 859 omnibus,
2449 819 2559 864 quas

540 870 721 917 solertia
748 883 927 917 naturae
954 871 1171 917 humanae
1196 871 1388 926 invenit,
1417 871 1663 933 perfectior
1690 882 1921 931 appareat3
1952 873 2031 917 sed
2059 888 2151 918 non
2180 872 2375 918 deterior
2403 882 2557 918 nostra

542 936 609 984 est
637 937 852 995 conditio,
882 957 984 985 nam
1012 951 1057 986 et
1083 938 1230 1001 patrio
1258 951 1465 984 sermone
1493 938 1667 982 utimur>
1686 937 1908 983 simillimo
1943 939 2009 982 illi
2047 950 2090 984 et
2126 939 2318 984 infinitae
2358 942 2558 985 culturae

541 1005 877 1067 patientissimo,
907 1020 952 1054 et
980 1001 1236 1069 comparata
1262 1001 1416 1057 nostra
1445 1004 1630 1064 aliisque
1658 1002 1844 1064 linguis,
1884 1023 1991 1066 quas
2030 1007 2237 1067 paulatim
2277 1008 2561 1071 addiscimnq
2590 1027 2599 1033 ·

542 1089 635 1120 non
671 1074 798 1121 nimis
834 1075 1007 1120 difficili
1044 1072 1251 1134 negotio,
1295 1073 1438 1119 modo
1477 1084 1611 1119 unam
1651 1084 1772 1118 recte
1811 1084 1855 1117 et
1883 1074 2039 1119 ordine
2069 1076 2434 1134 cognoverimus,
2464 1092 2557 1120 non

542 1141 798 1188 memoriam
827 1157 1084 1197 oneramus,
1123 1140 1205 1186 sed
1243 1139 1471 1202 ingenium
1507 1142 1564 1188 ad
1601 1139 1924 1188 diversissimas
1963 1141 2186 1203 cogitandi
2222 1153 2265 1188 et
2293 1142 2557 1189 enunciandi

541 1207 709 1255 formas
738 1206 1014 1256 exercemus.
1115 1257 1119 1260 ,

622 1275 626 1278 ’
654 1276 734 1323 Ad
768 1281 1124 1339 grammaticam
1160 1278 1437 1341 disciplinam
1469 1277 1642 1324 referre
1680 1279 1882 1324 solebant
1923 1289 2100 1324 veteres
2147 1281 2283 1324 multa
2329 1281 2556 1325 literarum

541 1361 727 1406 genera,
758 1363 871 1407 quae
899 1363 1016 1393 nunc
1046 1347 1236 1393 diversis
1265 1346 1513 1391 nominibus
1543 1345 1887 1405 distinguuntur,
1915 1357 1979 1396 ‚ut
2018 1345 2271 1393 universam
2310 1349 2552 1406 poeticam,

540 1428 675 1473 quum
704 1414 968 1460 carminibus
997 1413 1238 1461 memoriae
1263 1412 1544 1469 mandandis,
1581 1411 1838 1468 recitandis,
1867 1412 2186 1474 componendis
2202 1415 2395 1476 linguam
2414 1415 2556 1474 ipsam

540 1481 851 1539 discerent,*)
881 1491 924 1525 et
951 1477 1282 1541 eloquentiam}
1310 1482 1527 1542 ad-quam
1557 1496 1582 1524 a
1612 1480 1876 1526 carminibus
1907 1481 2149 1527 cultissimo
2189 1481 2347 1542 cuique
2387 1485 2556 1542 populo

540 1548 713 1593 tardior
741 1558 807 1593 est
834 1548 1062 1602 transitus,
1093 1548 1284 1611 denique
1312 1558 1462 1594 rerum
1490 1559 1706 1608 gestarum
1736 1548 2102 1610 descriptionem,
2133 1567 2266 1610 quam
2295 1549 2419 1595 abusi
2442 1565 2557 1596 voce

542 1616 808 1659 historicam
835 1628 990 1678 postea
1029 1616 1259 1673 dixerunt,
1298 1634 1412 1679 quae
1449 1616 1686 1677 antiquitus
1724 1633 1786 1662 ex
1823 1616 2095 1677 singularum
2133 1618 2359 1663 civitatum
2396 1617 2556 1662 fabulis

543 1698 624 1728 ore
651 1684 842 1739 traditis,
880 1696 973 1730 tum
1012 1701 1074 1731 ex
1111 1684 1541 1748 peregrinationibus
1589 1695 1633 1730 et
1678 1686 1882 1730 locorum
1926 1684 2242 1746 hominumque
2289 1684 2557 1747 cognitione,

541 1752 664 1811 quod
699 1752 860 1812 propie
899 1764 965 1797 est
1003 1751 1218 1814 ἱστορεῖν,
1267 1754 1510 1800 novissime
1548 1769 1610 1798 ex
1646 1752 1918 1814 reipublicae
1958 1752 2335 1800 administratione
2374 1752 2555 1815 prodiit,

542 1835 676 1878 quum
718 1819 853 1864 iidem
899 1831 939 1864 et
988 1821 1124 1865 duces
1171 1833 1216 1866 et
1254 1833 1455 1867 oratores
1492 1832 1537 1866 et
1577 1837 1728 1864 rerum
1763 1820 2004 1880 scriptores
2045 1821 2354 1880 (συγγραφάς)
2380 1831 2553 1865 essent.

542 1886 676 1931 Orbis
705 1899 922 1932 terrarum
952 1899 1050 1932 ante
1080 1888 1414 1942 Alexandrum,
1443 1899 1624 1932 naturae
1654 1887 1953 1946 cognitionem
1988 1899 2087 1931 ante
2125 1888 2314 1932 eundem
2354 1899 2397 1932 et
2437 1888 2553 1932 Ari-

540 1956 765 2008 stotelem,
796 1955 977 2011 omnino
1006 1955 1218 2015 quicquid
1254 1957 1313 2001 ad
1346 1955 1621 2002 subtiliorem
1656 1953 1883 2007 scientiam
1919 1954 2133 2013 pertinet,
2173 1966 2272 2000 ante
2307 1956 2555 2015 principem

543 2022 658 2066 hunc
688 2023 879 2075 cujusvis
908 2021 1166 2068 eruditionis
1196 2033 1421 2067 auctorem
1449 2021 1565 2066 intra
1594 2019 1921 2080 angustissimos
1952 2020 2060 2064 fines
2086 2020 2351 2077 substitisse,
2383 2034 2426 2067 et
2445 2039 2555 2084 pro-

540 2087 664 2133 xima
693 2088 870 2133 demum
899 2100 1038 2134 aetate
1068 2090 1123 2134 ab
1151 2089 1474 2135 Alexandrinis
1504 2087 1746 2149 magistris,
1785 2087 1978 2132 maxime
2009 2089 2063 2132 ab
2106 2089 2421 2144 Eratosthene,
2464 2094 2557 2136 cla-

541 2156 708 2203 riorem
756 2159 902 2203 lucem
938 2154 1185 2218 accepisse,
1236 2158 1340 2203 satis
1380 2169 1654 2217 compertum
1694 2167 1771 2200 est.
1829 2156 2003 2209 Restat,
2041 2168 2090 2200 ut
2128 2157 2185 2200 de
2225 2160 2558 2200 mathematicis

540 2223 761 2278 dicamus,
792 2224 950 2285 quibus
978 2235 1145 2270 tantum
1172 2223 1363 2285 pretium
1399 2223 1547 2269 statuit
1576 2223 1724 2273 Plato,
1764 2235 1812 2267 ut
1851 2219 2159 2283 dyemps'vqovg
2198 2242 2224 2268 a
2259 2227 2423 2270 scholis
2465 2227 2556 2270 suis

540 2291 812 2355 prohiberet.
871 2291 961 2339 Sed
988 2291 1106 2340 idem
1143 2292 1430 2356 conqueritur
1466 2293 1522 2340 de
1560 2309 1655 2353 rep.
1697 2291 1795 2337 V11.
1832 2308 1878 2352 p.
1922 2293 2020 2336 528.
2058 2292 2124 2346 Β.,
2162 2291 2210 2337 in·
2250 2296 2556 2338 stereometria

542 2362 746 2421 aequales
775 2376 879 2405 suos
906 2363 1039 2406 valde
1067 2364 1278 2417 haerere,
1308 2379 1451 2421 neque
1480 2360 1597 2406 enim
1626 2361 1672 2403 in
1695 2362 1784 2403 ulla
1815 2360 1990 2405 civitate
2019 2361 2167 2420 magni
2197 2377 2295 2404 eam
2321 2362 2554 2415 aestimari,

542 2422 686 2489 neque
722 2426 933 2473 idoneum
969 2430 1097 2483 huius
1137 2429 1241 2476 artis
1278 2428 1533 2490 magistrum
1572 2439 1748 2481 extare,
1800 2428 1876 2487 qui
1914 2428 1951 2471 si
1989 2429 2064 2470 vel
2108 2427 2303 2473 maxime
2344 2429 2552 2483 extiterit,

543 2497 626 2544 vix
655 2506 936 2551 eventurum,
966 2508 1015 2543 ut
1043 2514 1070 2543 a
1097 2496 1325 2545 fastidiosa
1353 2509 1678 2558 geometrarum
1715 2494 1920 2555 superbia
1958 2495 2220 2540 admittatur.
2281 2497 2552 2542 Praeclaris-

546 2564 680 2610 simus
707 2574 851 2609 autem
877 2566 1003 2610 locus
1033 2575 1121 2620 est,
1150 2564 1227 2627 qui
1255 2566 1312 2611 de
1339 2582 1433 2627 rep.
1464 2565 1562 2610 VII.
1593 2563 1696 2609 inde
1723 2580 1746 2607 a
1777 2580 1820 2624 p.
1851 2563 1950 2607 521.
1980 2561 2154 2623 legitur.
2185 2562 2277 2619 Ibi,
2314 2564 2550 2625 prohibitis

593 2793 628 2834 ¹)
653 2792 708 2826 De
733 2798 916 2838 poetarum
950 2790 1261 2838 interpretatione,
1293 2788 1436 2838 qualem
1468 2787 1648 2838 sophistae
1672 2786 1899 2833 factitabant,
1933 2760 2006 2822 iton
2030 2787 2194 2823 dissimili
2226 2789 2279 2833 ei,
2311 2801 2420 2835 quam
2443 2788 2553 2824 hodie

641 2850 740 2883 multi
765 2851 802 2881 in
826 2848 926 2881 libris
951 2850 1057 2882 sacris
1082 2847 1261 2891 factitant,
1284 2859 1322 2883 v.
1347 2845 1556 2885 Stallhnum.
1591 2846 1637 2880 ad
1668 2847 1808 2891 Protag.
1842 2858 1873 2879 c.
1905 2845 1962 2880 26.
1999 2848 2011 2887 (
2016 2861 2050 2893 p.
2075 2846 2156 2880 338.
2189 2844 2297 2887 extr.)
2323 2844 2410 2880 coll.
2433 2858 2465 2880 c.
2493 2847 2552 2882 29.

565 2946 571 2959 ι,
640 2908 692 2955 (p.
723 2902 806 2941 343.
840 2903 880 2940 C.
913 2903 1029 2954 sequ.)
1061 2904 1117 2940 De
1147 2903 1261 2940 tribus
1294 2906 1456 2953 poeticae
1488 2906 1701 2941 narrationis
1735 2902 1920 2950 generibus
1944 2917 1980 2940 V.
2006 2904 2058 2939 ld.
2084 2904 2130 2937 ad
2153 2903 2181 2942 l.
2205 2903 2260 2942 Ill.
2283 2903 2331 2938 de
2354 2915 2433 2952 rep.
2459 2915 2492 2940 c.
2517 2903 2551 2940 6.

640 2966 696 3012 (p.
720 2960 803 3000 394.
827 2962 891 3003 D.)

2077 3025 2108 3067 4
