3009 3684
489 557 551 606 30

495 683 627 734 dictis
655 681 869 757 factisque
907 679 1027 726 viam
1065 677 1434 733 demonstravit,
1431 698 1538 740 qua
1577 681 1635 726 ad
1669 683 1954 743 prepositum
1985 683 2125 730 finem
2152 684 2525 739 oon-namur,

494 765 609 801 tum
606 748 807 815 pietatis,
847 745 1132 809 integritatis,
1172 746 1445 794 constantiae
1490 748 1782 803 documento,
1819 751 1986 809 quod-⁸
1967 767 2070 812 ipse
2095 752 2257 809 edidit,
2303 750 2519 816 optimum

497 834 714 884 quemque
743 815 802 863 ad
829 826 976 862 tantae
1004 814 1182 862 virtutis
1212 815 1554 862 aemulationem
1581 815 1801 869 incendit,
1831 816 2027 875 deniqne
2055 833 2220 865 onmes
2237 821 2448 867 mortales
2475 828 2526 864 ιιι

496 905 581 937 una
608 883 770 933 auxilii
799 883 1111 932 communione
1139 882 1201 930 ita
1230 899 1320 930 uno
1349 881 1631 933 humanitatis
1657 881 1843 929 vinculo
1871 884 2119 937 coniunxit.-
2176 885 2283 942 Quo
2311 886 2523 932 defuncto

495 971 630 1017 quum
660 952 761 1008 alii,
798 963 845 998 et
880 951 928 997 in
962 951 1118 1014 primis
1157 950 1356 997 omnium
1396 950 1584 1005 Graeci,
1620 950 1812 996 delatam
1846 950 1904 996 ad
1939 965 1991 996 se
2018 948 2294 1008 docuinam,
2324 964 2383 1000 ut,
2411 968 2530 1015 quae

495 1022 751 1098 jamdudum
789 1019 923 1066 motis
973 1018 1209 1067 desideriis
1256 1019 1424 1081 optime
1468 1017 1766 1074 satisfaceret,
1812 1016 2096 1081 cupidissime
2141 1020 2528 1081 amplecterentur,
2553 1015 2563 1028 s

496 1090 571 1138 alii
599 1087 798 1152 pristinis
825 1087 1034 1136 institutis
1064 1087 1353 1149 moribusque
1382 1086 1684 1134 contumacius
1714 1087 2028 1142 adhaererent,
2065 1086 2143 1132 alii
2178 1086 2357 1148 antiqua
2393 1088 2530 1134 novis

496 1158 738 1206 miscerent
775 1159 853 1203 vel
890 1173 1012 1204 nova
1048 1172 1135 1218 pro
1174 1154 1364 1216 antiquis
1399 1155 1701 1209 venditarent,
1740 1166 1786 1202 et
1820 1154 1943 1202 docti
1978 1155 2235 1217 indoctique
2267 1153 2530 1216 opinionum

498 1243 679 1274 suarum
708 1236 955 1272 commenta
985 1224 1164 1269 divinae
1193 1222 1436 1284 sapientiae
1463 1222 1732 1283 simplicitati
1760 1239 1878 1268 nunc
1907 1222 2149 1277 adjicerent
2175 1240 2294 1270 nunc
2320 1221 2532 1285 praefer-

498 1306 623 1350 rent,
653 1291 856 1354 quamvis
887 1289 1446 1368 obductis-imprudentiae
1484 1300 1529 1336 et
1565 1287 1817 1352 cupiditatis
1852 1289 2073 1337 humanae
2109 1289 2329 1346 tenebris,
2367 1290 2531 1337 mansit

499 1376 644 1410 tamen
681 1358 1052 1406 incontaminatae
1087 1358 1288 1405 veritatis
1326 1358 1601 1420 perennitas,
1650 1358 1708 1403 ad
1754 1374 1888 1420 quam
1923 1365 2133 1420 tanquam
2171 1359 2232 1405 ad
2265 1359 2532 1406 tutissimum

495 1442 676 1494 portum
705 1446 767 1475 ex
792 1443 918 1475 novo
949 1425 1197 1474 animorum
1226 1426 1462 1489 naufragio
1491 1426 1784 1489 sapientiores
1811 1426 2117 1488 confugerent.
2175 1427 2339 1475 Postea
2359 1445 2528 1490 repur-

500 1499 614 1561 gatis
645 1497 870 1575 antiquae
880 1495 1122 1557 sapientiae
1151 1495 1348 1556 fontibus
1388 1507 1433 1542 et
1470 1494 1519 1540 in
1556 1495 1824 1542 remotiores
1855 1511 1990 1557 agros
2026 1495 2226 1543 deductis
2260 1495 2391 1542 fuere
2418 1494 2530 1555 qui-

499 1570 627 1621 dem,
658 1567 735 1627 qui
764 1563 899 1609 nimia
936 1563 1228 1611 admiratione
1267 1563 1466 1609 redditos
1507 1563 1610 1609 illos
1651 1562 1871 1610 Graeciae
1905 1561 2180 1624 magistros,
2201 1578 2395 1609 mmme
2422 1562 2530 1608 Ph-

498 1648 674 1688 tonem,
704 1631 967 1693 exciperent
994 1649 1078 1678 nec
1101 1632 1342 1693 quicquam
1370 1633 1458 1677 illis
1488 1633 1545 1677 ad
1570 1642 1914 1678 consummatam
1950 1629 2229 1692 disciplinam
2252 1629 2358 1677 -veri
2374 1630 2530 1678 deesse

502 1702 850 1753 arbitrarentur,
881 1700 961 1744 sed
992 1699 1257 1761 prudentior
1280 1700 1506 1761 ‘successit
1543 1711 1687 1754 aetas,
1725 1715 1840 1760 quae
1867 1700 2057 1761 piorum
2069 1700 2244 1762 pariter
2269 1698 2532 1744 doctorum-

501 1787 589 1830 que
626 1768 920 1827 interpretum
960 1767 1207 1813 ministerio
1258 1768 1562 1813 adolescentes
1604 1766 1742 1812 sacris
1779 1766 1982 1813 Graecae
2020 1765 2285 1814 eruditionis
2322 1764 2530 1822 initiaret,

498 1849 591 1882 tum
628 1845 752 1880 moto
791 1834 1034 1878 dulcissimi
1072 1835 1160 1880 cibi
1198 1836 1395 1896 appetitu
1432 1836 1566 1880 flores
1605 1836 1874 1895 perlustrare
1923 1836 2121 1891 juberet,
2170 1833 2331 1896 quibus
2369 1833 2530 1895 campi,

500 1921 585 1966 per-
619 1917 734 1964 quos
771 1900 950 1962 spatiati
987 1913 1087 1947 sunt
1125 1901 1191 1945 illi
1229 1902 1449 1962 magistri,
1488 1913 1727 1956 ornantur,
1765 1902 1915 1948 omnia
1953 1914 2103 1948 tamen
2138 1917 2231 1947 non
2266 1901 2324 1946 ad
2351 1900 2531 1946 inanem

499 1972 693 2031 aliquam
722 1967 953 2014 doctrinae
984 1969 1343 2022 ostentationem,
1381 1986 1529 2028 neque
1556 1969 1615 2013 ad
1643 1968 1872 2014 fortuitam
1899 1969 2018 2014 vitae
2047 1967 2418 2023 commoditatem,
2447 1968 2530 2014 sed

501 2038 558 2083 ad
598 2034 804 2082 stabilem
840 2032 1018 2080 virtutis
1054 2034 1342 2095 veritatisque
1371 2035 1699 2094 possessionem
1725 2033 1930 2082 referret.
1988 2033 2196 2096 Lossm
2225 2046 2315 2089 est,
2346 2034 2527 2081 nomina

499 2120 742 2152 recensere
778 2116 961 2161 nrum,
1000 2100 1078 2162 qui
1116 2101 1279 2162 insigni
1318 2101 1504 2163 pietate,
1541 2101 1765 2148 indefessa
1799 2102 2039 2158 industria,
2078 2101 2245 2148 eximia
2281 2101 2531 2149 eruditione

501 2175 559 2220 de
595 2170 883 2218 instauranda
920 2186 1027 2216 sana
1062 2169 1296 2232 disciplina
1342 2169 1582 2226 juventutis
1619 2169 1786 2232 optime
1822 2170 1969 2217 meriti
2005 2182 2130 2228 sunt3
2165 2186 2251 2217 nos
2285 2169 2400 2232 ipsa-
2425 2170 2531 2227 diei,

502 2245 627 2297 cujus
656 2237 979 2285 solemnitatem
1007 2236 1264 2293 indicimus,
1292 2237 1512 2299 religione
1543 2239 1856 2295 admonemur,
1886 2249 1934 2285 ut
1963 2249 2087 2302 grata
2117 2250 2264 2285 mente
2281 2241 2534 2286 recolamus

501 2307 766 2356 memoriam
795 2322 974 2361 eorum,
1006 2305 1084 2366 qui
1110 2306 1209 2352 sere
1237 2305 1462 2367 principes
1491 2307 1608 2352 inter
1628 2307 1756 2363 illos,
1784 2324 1899 2368 quos
1918 2308 2386 2363 commemoravimus,
2417 2319 2531 2356 con·

502 2378 597 2424 dito
634 2375 844 2422 Afraneo
883 2373 1139 2429 doctrinae,
1177 2374 1445 2428 honestatis,
1492 2386 1538 2420 et
1578 2377 1772 2436 optimae
1815 2380 2026 2438 cujusque
2075 2375 2219 2421 laudis
2264 2377 2532 2438 palaestram

502 2453 791 2507 aperuerunt,
834 2452 926 2487 tum
966 2441 1045 2503 qui
1078 2460 1164 2503 per
1201 2442 1286 2487 tria
1323 2441 1535 2503 deinceps
1573 2446 1724 2488 secula
1763 2460 1826 2489 ex
1863 2446 1957 2490 hoo
1990 2443 2236 2490 studiorum
2264 2460 2444 2490 recessu
2472 2445 2532 2490 ad

499 2509 819 2572 rempublicam
848 2509 973 2556 domi
1001 2509 1207 2569 forisque
1236 2511 1351 2554 bene
1380 2511 1769 2555 administrandam
1795 2511 2078 2573 prodierunt,
2110 2511 2303 2572 denique
2332 2511 2409 2572 qui
2428 2527 2535 2557 mo·-

500 2576 712 2625 derandis
738 2578 872 2623 rebus
900 2576 1064 2624 nostris
1092 2575 1311 2640 praefecti
1339 2577 1611 2624 sanctissima
1639 2581 1774 2625 tutela
1802 2579 1993 2626 fideliter
2019 2578 2161 2625 functi
2188 2590 2303 2625 sunt.

578 2650 589 2660 '
617 2647 780 2691 Talem
806 2645 1089 2693 institutionis
1125 2646 1332 2707 publicae
1367 2646 1620 2708 praesidem
1658 2658 1702 2693 et
1730 2658 1966 2709 patronum
1994 2648 2086 2693 hoc
2122 2647 2224 2709 ipso
2260 2662 2377 2693 anno
2417 2646 2534 2692 ami--

502 2715 637 2760 simus
651 2747 662 2768 ,
693 2724 976 2775 praematura
1012 2724 1157 2758 morte
1193 2714 1363 2775 patriae
1398 2714 1643 2777 studiisque
1680 2716 1844 2762 nostris
1885 2726 2099 2777 ereptum.
2159 2713 2284 2761 Obiit
2312 2713 2429 2760 enim
2456 2713 2537 2760 die

503 2783 599 2827 V11.
629 2781 794 2825 mensis
824 2782 976 2826 Martii
1002 2784 1204 2824 Ioannes
1237 2782 1526 2827 Christianus
1547 2784 1686 2829 Gottl.
1708 2783 1993 2839 Muellerus,
2024 2783 2083 2829 de
2105 2786 2228 2839 cuius
2248 2782 2366 2837 vita,
2395 2799 2531 2843 quum

506 2850 659 2894 eadem
688 2848 811 2895 urbis
841 2861 886 2895 et
916 2848 1248 2896 consuetudinis
1279 2853 1607 2911 opportunitate
1634 2851 1765 2912 pueri
1794 2851 2146 2904 adolescentem,
2172 2854 2360 2905 juvenes
2385 2860 2530 2895 matu-

506 2933 585 2963 rae
632 2915 779 2962 aetatis
827 2918 975 2963 virum
1023 2916 1101 2962 diu
1141 2917 1509 2977 cognoverimus,
1554 2919 1592 2964 si
1634 2920 1769 2981 digna
1807 2919 1899 2965 tali
1924 2918 2029 2964 viro
2056 2915 2269 2962 facunffia
2295 2918 2537 2964 nobis·qu

505 2995 726 3049 peresset,
767 2985 1020 3047 diligentius
1059 3001 1270 3032 enarrare
1308 2985 1494 3042 liberet,
1531 3003 1669 3042 nunc,
1698 3004 1822 3050 quae
1859 2988 2011 3034 dicere
2040 2983 2209 3030 animus
2236 2985 2382 3042 jubet,
2409 3002 2537 3032 sum-
